Quantity; Name; CardNumber; Expansion Code; Expansion Name; PurchasePrice; Foil; Condition; Language; PurchaseDate; Single Current Price; Total Current Price
1;+2 Mace;1;afr;Adventures in the Forgotten Realms;0.02;false;Mint;French;20211023;0.02;0.02
2;+2 Mace;1;afr;Adventures in the Forgotten Realms;0.02;false;NearMint;French;20211219;0.02;0.04
2;A Little Chat;47;snc;Streets of New Capenna;0.09;false;Mint;French;20220422;0.1;0.2
2;Aberrant Mind Sorcerer;44;afr;Adventures in the Forgotten Realms;0.04;false;Mint;French;20211023;0.26;0.52
2;Abrade;139;vow;Innistrad: Crimson Vow;0.15;false;NearMint;English;20220102;0.09;0.18
1;Abundant Harvest;354;mh2;Modern Horizons 2;0.17;false;Mint;French;20211023;0.02;0.02
1;Acclaimed Contender;;peld;Throne of Eldraine Promos;0.16;false;NearMint;French;20211026;0.2;0.2
1;Acererak the Archlich;372;afr;Adventures in the Forgotten Realms;12.98;false;Mint;French;20211023;9.5;9.5
1;Adaptive Shimmerer;1;iko;Ikoria: Lair of Behemoths;0.05;false;Mint;French;20211024;0.02;0.02
1;Adventure Awaits;177;znr;Zendikar Rising;0.02;false;Mint;French;20211023;0.02;0.02
1;Adventure Awaits;177;znr;Zendikar Rising;0.06;false;NearMint;English;20211027;0.02;0.02
1;Aegis Turtle;138;jmp;Jumpstart;0.07;false;Mint;French;20211025;0.1;0.1
3;Aerial Assault;1;m20;Core Set 2020;0.02;false;Mint;French;20211023;0.1;0.3
1;Aerial Assault;1;m20;Core Set 2020;0.09;false;NearMint;French;20211026;0.1;0.1
2;Aeromunculus;152;rna;Ravnica Allegiance;0.09;false;Mint;French;20211024;0.09;0.18
3;Aether Gust;42;m20;Core Set 2020;0.07;false;Mint;French;20211023;0.26;0.78
2;Aether Gust;42;m20;Core Set 2020;0.47;false;Mint;English;20211024;0.26;0.52
1;Aether Gust;42;m20;Core Set 2020;0.46;false;Mint;French;20211025;0.26;0.26
1;Ageless Sentinels;1;scg;Scourge;0.19;false;NearMint;French;20211030;0.05;0.05
1;Aggressive Mammoth;337;m20;Core Set 2020;0.64;false;Mint;French;20211023;0.49;0.49
1;Aggressive Mammoth;337;m20;Core Set 2020;0.51;false;Mint;French;20211024;0.49;0.49
1;Agonizing Remorse;83;thb;Theros Beyond Death;0.07;false;Mint;French;20211023;0.03;0.03
2;Agonizing Remorse;83;thb;Theros Beyond Death;0.08;false;NearMint;French;20211027;0.03;0.06
2;Agonizing Syphon;199;jmp;Jumpstart;0.02;false;NearMint;English;20211026;0.15;0.3
1;Agonizing Syphon;199;jmp;Jumpstart;0.02;false;NearMint;French;20211026;0.15;0.15
1;Ahn-Crop Invader;113;war;War of the Spark;0.04;false;Mint;English;20211025;0.02;0.02
2;Ahn-Crop Invader;113;war;War of the Spark;0.04;false;NearMint;English;20211026;0.02;0.04
1;Aid the Fallen;76;war;War of the Spark;0.07;false;NearMint;English;20211026;0.06;0.06
2;Aim for the Head;92;vow;Innistrad: Crimson Vow;0.03;false;NearMint;English;20220102;0.02;0.04
2;Air Elemental;308;m19;Core Set 2019;0.42;false;NearMint;English;20211026;0.99;1.98
2;Air Elemental;308;m19;Core Set 2019;0.42;false;Mint;French;20211026;0.99;1.98
5;Air-Cult Elemental;45;afr;Adventures in the Forgotten Realms;0.02;false;Mint;French;20211023;0.02;0.1
4;Ajani's Pridemate;4;war;War of the Spark;0.07;false;NearMint;English;20211026;0.14;0.56
1;Ajani's Pridemate;14;mb1;Mystery Booster;0.14;false;NearMint;French;20211026;0.02;0.02
2;Ajani's Pridemate Token;1;tm20;Core Set 2020 Tokens;0.1;false;NearMint;French;20211026;0.15;0.3
1;Akki Ronin;319;neo;Kamigawa: Neon Dynasty;0.02;false;Mint;English;20220507;0.02;0.02
1;Akki Ronin;319;neo;Kamigawa: Neon Dynasty;0.02;false;NearMint;English;20220507;0.02;0.02
5;Akoum Hellhound;133;znr;Zendikar Rising;0.09;false;NearMint;French;20211027;0.02;0.1
1;Akoum Teeth;134;znr;Zendikar Rising;0.06;false;NearMint;French;20211027;0.03;0.03
1;Akoum Warrior;134;znr;Zendikar Rising;0.06;false;NearMint;French;20211027;0.03;0.03
1;Alchemist's Gambit;140;vow;Innistrad: Crimson Vow;0.54;false;NearMint;English;20220102;0.23;0.23
3;Alchemist's Gift;87;m21;Core Set 2021;0.05;false;NearMint;English;20211027;0.02;0.06
1;All That Glitters;2;eld;Throne of Eldraine;0.6;false;Mint;French;20211023;0.59;0.59
1;Almighty Brushwagg;143;iko;Ikoria: Lair of Behemoths;0.09;false;Mint;French;20211025;0.01;0.01
3;Almighty Brushwagg;143;iko;Ikoria: Lair of Behemoths;0.09;false;NearMint;English;20211027;0.01;0.03
1;Altar of the Pantheon;231;thb;Theros Beyond Death;0.07;false;Mint;French;20211024;0.02;0.02
1;An Offer You Can't Refuse;51;snc;Streets of New Capenna;1.01;false;Mint;French;20220422;0.82;0.82
1;Anax, Hardened in the Forge;125;thb;Theros Beyond Death;0.13;false;Mint;French;20211024;0.08;0.08
4;Anax, Hardened in the Forge;125;thb;Theros Beyond Death;0.15;false;NearMint;French;20211027;0.08;0.32
1;Ancestral Anger;142;vow;Innistrad: Crimson Vow;0.1;false;NearMint;English;20220102;0.06;0.06
1;Angel Warrior Token;1;tznr;Zendikar Rising Tokens;0.16;false;NearMint;French;20211027;0.06;0.06
1;Angel of Destiny;;pznr;Zendikar Rising Promos;0.0;false;NearMint;French;20211027;0.0;0.0
2;Angel of Vitality;4;m20;Core Set 2020;0.39;false;NearMint;French;20211026;0.42;0.84
2;Angel of Vitality;4;m20;Core Set 2020;0.4;false;NearMint;French;20211026;0.42;0.84
1;Angelheart Protector;3;znr;Zendikar Rising;0.03;false;Mint;French;20211023;0.05;0.05
1;Angelheart Protector;3;znr;Zendikar Rising;0.02;false;NearMint;French;20211027;0.05;0.05
1;Angelic Observer;1;snc;Streets of New Capenna;0.02;false;NearMint;French;20220625;0.02;0.02
3;Animating Faerie // Bring to Life;38;eld;Throne of Eldraine;0.06;false;Mint;French;20211024;0.1;0.3
1;Animus of Night's Reach;109;neo;Kamigawa: Neon Dynasty;0.07;false;Mint;English;20220418;0.02;0.02
1;Anointed Chorister;4;m21;Core Set 2021;0.04;false;NearMint;English;20211027;0.03;0.03
1;Antagonize;100;snc;Streets of New Capenna;0.04;false;NearMint;French;20220625;0.04;0.04
2;Anticipate;44;m19;Core Set 2019;0.1;false;NearMint;French;20211024;0.03;0.06
1;Anticipate;44;m19;Core Set 2019;0.1;false;Mint;French;20211025;0.03;0.03
1;Anticipate;44;m19;Core Set 2019;0.1;false;Mint;English;20211025;0.03;0.03
1;Anticipate;44;m19;Core Set 2019;0.1;false;NearMint;English;20211025;0.03;0.03
1;Anticognition;45;znr;Zendikar Rising;0.02;false;Mint;French;20211023;0.03;0.03
1;Anticognition;45;znr;Zendikar Rising;0.08;false;NearMint;French;20211027;0.03;0.03
1;Anvilwrought Raptor;221;m20;Core Set 2020;0.05;false;Mint;French;20211025;0.01;0.01
2;Anvilwrought Raptor;211;ths;Theros;0.03;false;Mint;English;20211025;0.02;0.04
2;Anvilwrought Raptor;221;m20;Core Set 2020;0.05;false;NearMint;English;20211026;0.01;0.02
1;Apex of Power;129;m19;Core Set 2019;0.64;false;NearMint;French;20211027;0.73;0.73
1;Aphemia, the Cacophony;;pthb;Theros Beyond Death Promos;0.26;true;NearMint;French;20211027;0.63;0.63
1;Applied Biomancy;153;rna;Ravnica Allegiance;0.1;false;Mint;English;20211024;0.03;0.03
2;Arborea Pegasus;2;afr;Adventures in the Forgotten Realms;0.02;false;Mint;French;20211023;0.02;0.04
1;Arborea Pegasus;2;afr;Adventures in the Forgotten Realms;0.04;false;NearMint;French;20211219;0.02;0.02
2;Arboreal Grazer;149;war;War of the Spark;0.13;false;Mint;English;20211024;0.13;0.26
1;Arc Spitter;233;snc;Streets of New Capenna;0.1;false;Mint;French;20220422;0.02;0.02
1;Arc Spitter;233;snc;Streets of New Capenna;0.02;false;NearMint;French;20220625;0.02;0.02
1;Arcane Endeavor;283;afc;Forgotten Realms Commander;0.59;false;NearMint;French;20211027;0.25;0.25
2;Arcane Investigator;46;afr;Adventures in the Forgotten Realms;0.02;false;Mint;French;20211023;0.02;0.04
1;Arcane Investigator;46;afr;Adventures in the Forgotten Realms;0.06;false;NearMint;French;20211027;0.02;0.02
1;Arcane Investigator;46;afr;Adventures in the Forgotten Realms;0.07;false;NearMint;French;20211219;0.02;0.02
1;Arcane Sanctum;1654;mb1;Mystery Booster;0.48;false;NearMint;French;20211027;0.15;0.15
1;Arcane Signet;197;afc;Forgotten Realms Commander;0.99;false;NearMint;French;20211027;0.48;0.48
1;Arcane Signet;297;cmr;Commander Legends;1.17;false;NearMint;French;20211027;0.57;0.57
1;Arcbound Slasher;111;mh2;Modern Horizons 2;0.02;true;Mint;French;20211023;0.15;0.15
1;Arcbound Tracker;112;mh2;Modern Horizons 2;0.2;false;Mint;French;20211023;0.09;0.09
1;Archghoul of Thraben;93;vow;Innistrad: Crimson Vow;0.11;false;NearMint;English;20220102;0.06;0.06
1;Archipelagore;41;iko;Ikoria: Lair of Behemoths;0.06;false;Mint;French;20211025;0.05;0.05
1;Archon of Emeria;;pznr;Zendikar Rising Promos;0.0;false;NearMint;French;20211027;0.0;0.0
1;Archon of Emeria;;pznr;Zendikar Rising Promos;0.75;false;NearMint;French;20220625;0.75;0.75
1;Archon of Falling Stars;2;thb;Theros Beyond Death;0.04;false;Mint;French;20211024;0.02;0.02
2;Archon of Falling Stars;2;thb;Theros Beyond Death;0.04;false;NearMint;French;20211027;0.02;0.04
1;Ardent Electromancer;135;znr;Zendikar Rising;0.03;false;NearMint;French;20211027;0.02;0.02
3;Ardenvale Paladin;4;eld;Throne of Eldraine;0.04;false;NearMint;French;20211027;0.05;0.15
5;Ardenvale Tactician // Dizzying Swoop;5;eld;Throne of Eldraine;0.06;false;NearMint;French;20211026;0.09;0.45
2;Arena Trickster;126;thb;Theros Beyond Death;0.03;false;Mint;French;20211026;0.02;0.04
2;Arm the Cathars;3;vow;Innistrad: Crimson Vow;0.06;false;NearMint;English;20220102;0.02;0.04
3;Armory Veteran;130;afr;Adventures in the Forgotten Realms;0.01;false;Mint;French;20211023;0.3;0.9
1;Armory Veteran;130;afr;Adventures in the Forgotten Realms;0.02;true;Mint;French;20211023;0.3;0.3
1;Armory Veteran;130;afr;Adventures in the Forgotten Realms;0.03;false;NearMint;English;20211027;0.3;0.3
1;Armory Veteran;130;afr;Adventures in the Forgotten Realms;0.03;false;NearMint;French;20211027;0.3;0.3
1;Arrester's Admonition;31;rna;Ravnica Allegiance;0.05;false;Mint;French;20211025;0.03;0.03
2;Arrester's Zeal;27;mb1;Mystery Booster;0.01;false;Mint;French;20211023;0.03;0.06
1;Arrogant Outlaw;84;mid;Innistrad: Midnight Hunt;0.15;false;Mint;French;20211023;0.02;0.02
2;Artful Takedown;151;grn;Guilds of Ravnica;0.07;false;Mint;French;20211024;0.02;0.04
2;Artful Takedown;151;grn;Guilds of Ravnica;0.07;false;NearMint;French;20211024;0.02;0.04
1;Ashen Rider;175;afc;Forgotten Realms Commander;1.11;false;NearMint;French;20211027;0.59;0.59
2;Ashiok's Forerunner;277;thb;Theros Beyond Death;0.09;false;Mint;French;20211024;0.05;0.1
2;Ashiok's Skulker;40;war;War of the Spark;0.02;false;Mint;French;20211025;0.01;0.02
2;Ashiok's Skulker;40;war;War of the Spark;0.02;false;Mint;English;20211025;0.01;0.02
1;Ashiok's Skulker;40;war;War of the Spark;0.02;false;NearMint;English;20211025;0.01;0.01
1;Ashiok, Dream Render;228;war;War of the Spark;0.88;false;NearMint;French;20211023;1.48;1.48
1;Ashiok, Dream Render;228;war;War of the Spark;0.96;false;Mint;English;20211024;1.48;1.48
1;Ashiok, Dream Render;228;war;War of the Spark;0.96;false;NearMint;English;20211024;1.48;1.48
1;Ashiok, Sculptor of Fears;274;thb;Theros Beyond Death;0.9;true;NearMint;English;20211024;1.98;1.98
1;Asmodeus the Archfiend;373;afr;Adventures in the Forgotten Realms;1.06;false;Mint;French;20211023;0.97;0.97
2;Aspect of Lamprey;85;thb;Theros Beyond Death;0.04;false;NearMint;French;20211026;0.02;0.04
2;Aspect of Manticore;127;thb;Theros Beyond Death;0.02;false;Mint;French;20211026;0.02;0.04
3;Astral Steel;2;scg;Scourge;0.03;false;NearMint;French;20211030;0.02;0.06
1;Atris, Oracle of Half-Truths;;pthb;Theros Beyond Death Promos;0.0;false;Mint;French;20211024;0.0;0.0
1;Attended Socialite;133;snc;Streets of New Capenna;0.02;false;NearMint;French;20220625;0.02;0.02
1;Audacious Thief;84;m20;Core Set 2020;0.03;false;Mint;French;20211026;0.19;0.19
3;Audacious Thief;84;m20;Core Set 2020;0.03;false;NearMint;French;20211027;0.19;0.57
1;Augur of Autumn;168;mid;Innistrad: Midnight Hunt;4.92;false;Mint;French;20211023;5.16;5.16
1;Augur of Bolas;41;war;War of the Spark;0.19;false;Mint;French;20211025;0.32;0.32
1;Augur of Bolas;41;pwar;War of the Spark Promos;0.38;false;Mint;English;20211025;0.0;0.0
1;Auspicious Starrix;294;iko;Ikoria: Lair of Behemoths;0.18;false;Mint;French;20211024;0.1;0.1
1;Aven Eternal;42;war;War of the Spark;0.06;false;NearMint;English;20211024;0.02;0.02
4;Aven Eternal;42;war;War of the Spark;0.06;false;Mint;French;20211025;0.02;0.08
2;Aven Farseer;3;scg;Scourge;0.02;false;NearMint;French;20211030;0.04;0.08
2;Aven Liberator;4;scg;Scourge;0.09;false;NearMint;French;20211030;0.03;0.06
1;Awakened Awareness;47;neo;Kamigawa: Neon Dynasty;0.08;false;NearMint;English;20220418;0.02;0.02
1;Awoken Demon;100;mid;Innistrad: Midnight Hunt;0.01;false;Mint;French;20211023;0.01;0.01
1;Azorius Chancery;232;ima;Iconic Masters;0.09;false;NearMint;French;20211027;0.18;0.18
1;Back for More;177;iko;Ikoria: Lair of Behemoths;0.07;false;Mint;French;20211024;0.2;0.2
1;Backup Agent;2;snc;Streets of New Capenna;0.06;false;Mint;French;20220422;0.12;0.12
1;Backup Agent;2;snc;Streets of New Capenna;0.05;false;Mint;French;20220423;0.12;0.12
1;Backup Agent;2;snc;Streets of New Capenna;0.12;false;NearMint;English;20220625;0.12;0.12
2;Backup Agent;2;snc;Streets of New Capenna;0.12;false;NearMint;French;20220625;0.12;0.24
1;Bag of Devouring;21;afc;Forgotten Realms Commander;0.22;false;NearMint;French;20211027;0.14;0.14
1;Bag of Holding;240;afr;Adventures in the Forgotten Realms;0.18;false;Mint;French;20211023;0.02;0.02
2;Bag of Holding;240;afr;Adventures in the Forgotten Realms;0.11;false;Mint;French;20211026;0.02;0.04
2;Bake into a Pie;201;jmp;Jumpstart;0.09;false;NearMint;French;20211026;0.49;0.98
1;Baleful Beholder;311;afr;Adventures in the Forgotten Realms;0.07;false;Mint;French;20211023;0.12;0.12
4;Baleful Beholder;89;afr;Adventures in the Forgotten Realms;0.02;false;Mint;French;20211023;0.01;0.04
1;Baleful Beholder;89;afr;Adventures in the Forgotten Realms;0.06;false;NearMint;French;20211219;0.01;0.01
2;Baleful Mastery;301;stx;Strixhaven: School of Mages;1.48;false;Mint;French;20220423;1.69;3.38
1;Baleful Strix;181;c16;Commander 2016;2.11;false;NearMint;French;20211027;2.3;2.3
2;Band Together;153;war;War of the Spark;0.02;false;Mint;French;20211023;0.09;0.18
1;Baneslayer Angel;;pm21;Core Set 2021 Promos;0.0;false;NearMint;French;20220625;0.0;0.0
1;Banishing Light;18;cm2;Commander Anthology Volume II;0.29;false;Mint;French;20211024;0.05;0.05
1;Banishing Slash;3;neo;Kamigawa: Neon Dynasty;0.03;false;NearMint;English;20220507;0.05;0.05
2;Bar the Gate;47;afr;Adventures in the Forgotten Realms;0.06;false;NearMint;French;20211027;0.07;0.14
1;Bar the Gate;47;afr;Adventures in the Forgotten Realms;0.08;false;NearMint;French;20211219;0.07;0.07
1;Barbarian Class;131;afr;Adventures in the Forgotten Realms;0.09;false;Mint;French;20211023;0.14;0.14
1;Barbarian Class;131;afr;Adventures in the Forgotten Realms;0.1;false;NearMint;French;20211219;0.14;0.14
1;Barbed Spike;5;mh2;Modern Horizons 2;0.1;false;Mint;French;20211023;0.11;0.11
2;Barge In;112;eld;Throne of Eldraine;0.06;false;Mint;French;20211026;0.1;0.2
2;Barony Vampire;82;m11;Magic 2011;0.05;false;NearMint;French;20211027;0.02;0.04
1;Barrow Witches;77;eld;Throne of Eldraine;0.03;false;NearMint;English;20211027;0.12;0.12
3;Barrow Witches;77;eld;Throne of Eldraine;0.03;false;NearMint;French;20211027;0.12;0.36
1;Barrowin of Clan Undurr;336;afr;Adventures in the Forgotten Realms;0.07;false;Mint;French;20211023;0.04;0.04
1;Barrowin of Clan Undurr;218;afr;Adventures in the Forgotten Realms;0.12;false;NearMint;French;20211219;0.15;0.15
4;Bartered Cow;6;eld;Throne of Eldraine;0.05;false;NearMint;English;20211027;0.1;0.4
1;Bartizan Bats;319;m20;Core Set 2020;0.23;false;NearMint;French;20211027;0.4;0.4
1;Basri's Solidarity;289;m21;Core Set 2021;0.14;false;NearMint;English;20211027;0.1;0.1
1;Bastion of Remembrance;73;iko;Ikoria: Lair of Behemoths;1.67;false;Mint;French;20211024;2.09;2.09
1;Bat Whisperer;86;mid;Innistrad: Midnight Hunt;0.15;false;Mint;French;20211023;0.06;0.06
1;Battalion Foot Soldier;7;m20;Core Set 2020;0.03;false;NearMint;French;20211026;0.03;0.03
2;Battle Cry Goblin;132;afr;Adventures in the Forgotten Realms;0.18;false;NearMint;French;20211027;0.26;0.52
3;Battlefield Promotion;5;war;War of the Spark;0.02;false;Mint;French;20211023;0.02;0.06
1;Bear Token;8;teld;Throne of Eldraine Tokens;0.07;false;NearMint;French;20211027;0.15;0.15
1;Beast Token (RG);8;trna;Ravnica Allegiance Tokens;0.05;false;NearMint;French;20211026;0.09;0.09
1;Bedevil;179;afc;Forgotten Realms Commander;1.14;false;NearMint;French;20211027;1.12;1.12
1;Befriending the Moths;4;neo;Kamigawa: Neon Dynasty;0.04;false;Mint;English;20220419;0.1;0.1
2;Befuddle;309;m19;Core Set 2019;0.47;false;Mint;English;20211025;0.19;0.38
2;Befuddle;309;m19;Core Set 2019;0.47;false;NearMint;English;20211025;0.19;0.38
1;Befuddle;309;m19;Core Set 2019;0.47;false;NearMint;French;20211025;0.19;0.19
1;Behold the Unspeakable;48;neo;Kamigawa: Neon Dynasty;0.14;true;Mint;English;20220418;0.11;0.11
1;Belfry Spirit;2;gpt;Guildpact;0.02;false;Mint;French;20211023;0.49;0.49
1;Belle of the Brawl;78;eld;Throne of Eldraine;0.14;false;NearMint;French;20211027;0.1;0.1
5;Belligerent Guest;144;vow;Innistrad: Crimson Vow;0.08;false;NearMint;English;20220102;0.02;0.1
2;Beloved Princess;7;eld;Throne of Eldraine;0.04;false;NearMint;French;20211026;0.05;0.1
1;Bereaved Survivor;4;mid;Innistrad: Midnight Hunt;0.1;false;Mint;French;20211023;0.05;0.05
1;Beyeen Coast;46;znr;Zendikar Rising;0.13;false;NearMint;English;20211027;0.06;0.06
1;Beyeen Veil;46;znr;Zendikar Rising;0.13;false;NearMint;English;20211027;0.06;0.06
1;Big Score;102;snc;Streets of New Capenna;0.09;false;Mint;French;20220423;0.18;0.18
1;Big Score;102;snc;Streets of New Capenna;0.18;false;NearMint;French;20220625;0.18;0.18
1;Bioessence Hydra;186;war;War of the Spark;0.04;false;NearMint;French;20211023;0.06;0.06
1;Biogenic Upgrade;123;rna;Ravnica Allegiance;0.1;false;Mint;French;20211025;0.07;0.07
2;Biomancer's Familiar;;prna;Ravnica Allegiance Promos;0.0;false;NearMint;French;20211023;0.0;0.0
2;Bird Admirer;298;mid;Innistrad: Midnight Hunt;0.02;false;Mint;French;20211023;0.04;0.08
1;Bird Admirer;298;mid;Innistrad: Midnight Hunt;0.04;false;Mint;French;20211104;0.04;0.04
1;Bird Illusion Token;3;tgrn;Guilds of Ravnica Tokens;0.12;false;NearMint;French;20211027;0.25;0.25
1;Bituminous Blast;81;arc;Archenemy;0.13;false;NearMint;French;20211027;0.08;0.08
2;Black Dragon;90;afr;Adventures in the Forgotten Realms;0.19;false;Mint;French;20211023;0.08;0.16
2;Blackbloom Bog;91;znr;Zendikar Rising;0.09;false;Mint;French;20211023;0.08;0.16
2;Blackbloom Bog;91;znr;Zendikar Rising;0.1;false;NearMint;French;20211027;0.08;0.16
2;Blackbloom Rogue;91;znr;Zendikar Rising;0.09;false;Mint;French;20211023;0.08;0.16
2;Blackbloom Rogue;91;znr;Zendikar Rising;0.1;false;NearMint;French;20211027;0.08;0.16
1;Blacksmith's Skill;6;mh2;Modern Horizons 2;0.13;false;Mint;French;20211023;0.1;0.1
4;Blade Banish;4;iko;Ikoria: Lair of Behemoths;0.05;false;Mint;French;20211025;0.02;0.08
1;Blade Instructor;1;grn;Guilds of Ravnica;0.03;false;NearMint;French;20211026;0.1;0.1
1;Blade Juggler;63;rna;Ravnica Allegiance;0.05;false;NearMint;French;20211027;0.02;0.02
1;Blade-Blizzard Kitsune;331;neo;Kamigawa: Neon Dynasty;0.1;false;Mint;English;20220418;0.02;0.02
1;Blade-Blizzard Kitsune;331;neo;Kamigawa: Neon Dynasty;0.03;false;Mint;English;20220507;0.02;0.02
1;Bladebrand;87;mid;Innistrad: Midnight Hunt;0.1;false;Mint;French;20211023;0.02;0.02
5;Bladebrand;86;m20;Core Set 2020;0.02;false;NearMint;French;20211023;0.01;0.05
1;Bladestitched Skaab;212;dbl;Innistrad: Double Feature;0.0;false;NearMint;French;20211219;0.41;0.41
2;Blazing Volley;107;iko;Ikoria: Lair of Behemoths;0.09;false;Mint;French;20211025;0.12;0.24
3;Bleed Dry;94;vow;Innistrad: Crimson Vow;0.08;false;NearMint;English;20220102;0.04;0.12
1;Bleeding Edge;78;war;War of the Spark;0.08;false;Mint;French;20211026;0.1;0.1
1;Bleeding Edge;78;war;War of the Spark;0.07;false;NearMint;French;20211026;0.1;0.1
1;Blessed Defiance;5;mid;Innistrad: Midnight Hunt;0.02;false;Mint;French;20211023;0.01;0.01
2;Blight-Breath Catoblepas;86;thb;Theros Beyond Death;0.02;false;Mint;French;20211024;0.02;0.04
1;Blight-Breath Catoblepas;86;thb;Theros Beyond Death;0.02;false;NearMint;French;20211026;0.02;0.02
1;Blightbeetle;87;m20;Core Set 2020;0.12;false;NearMint;English;20211027;0.32;0.32
2;Blightbeetle;87;m20;Core Set 2020;0.12;false;NearMint;French;20211027;0.32;0.64
1;Blindblast;114;war;War of the Spark;0.06;false;Mint;French;20211025;0.03;0.03
2;Blindblast;114;war;War of the Spark;0.06;false;NearMint;English;20211026;0.03;0.06
1;Blink Dog;3;afr;Adventures in the Forgotten Realms;0.06;false;Mint;French;20211023;0.02;0.02
1;Blink Dog;3;afr;Adventures in the Forgotten Realms;0.11;true;NearMint;French;20211219;0.05;0.05
2;Blisterspit Gremlin;108;iko;Ikoria: Lair of Behemoths;0.09;false;Mint;French;20211025;0.1;0.2
2;Blisterspit Gremlin;108;iko;Ikoria: Lair of Behemoths;0.1;false;NearMint;English;20211027;0.1;0.2
1;Blitz Leech;74;iko;Ikoria: Lair of Behemoths;0.04;false;Mint;French;20211024;0.02;0.02
2;Blitz of the Thunder-Raptor;109;iko;Ikoria: Lair of Behemoths;0.08;false;Mint;French;20211025;0.04;0.08
1;Blood Aspirant;128;thb;Theros Beyond Death;0.08;false;Mint;French;20211026;0.04;0.04
2;Blood Beckoning;92;znr;Zendikar Rising;0.02;false;Mint;French;20211023;0.02;0.04
1;Blood Beckoning;92;znr;Zendikar Rising;0.08;false;NearMint;French;20211027;0.02;0.02
5;Blood Burglar;88;m20;Core Set 2020;0.03;false;NearMint;French;20211027;0.01;0.05
1;Blood Curdle;75;iko;Ikoria: Lair of Behemoths;0.04;false;Mint;French;20211024;0.09;0.09
1;Blood Curdle;75;iko;Ikoria: Lair of Behemoths;0.03;false;Mint;French;20211025;0.09;0.09
2;Blood Fountain;95;vow;Innistrad: Crimson Vow;0.12;false;NearMint;English;20220102;0.2;0.4
1;Blood Glutton;90;m21;Core Set 2021;0.05;false;Mint;French;20211023;0.01;0.01
2;Blood Hypnotist;145;vow;Innistrad: Crimson Vow;0.07;false;NearMint;English;20220102;0.15;0.3
4;Blood Petal Celebrant;146;vow;Innistrad: Crimson Vow;0.05;false;NearMint;English;20220102;0.02;0.08
1;Blood Price;93;znr;Zendikar Rising;0.03;false;NearMint;English;20211027;0.05;0.05
1;Blood Servitor;252;vow;Innistrad: Crimson Vow;0.04;false;NearMint;English;20220102;0.02;0.02
1;Blood for Bones;89;m20;Core Set 2020;0.23;false;NearMint;English;20211026;0.24;0.24
3;Blood on the Snow;348;khm;Kaldheim;1.1;false;Mint;French;20220423;0.5;1.5
3;Bloodchief's Thirst;388;znr;Zendikar Rising;0.1;false;Mint;French;20211023;0.6;1.8
2;Bloodchief's Thirst;388;znr;Zendikar Rising;0.41;false;Mint;French;20220423;0.6;1.2
1;Bloodchief's Thirst;388;znr;Zendikar Rising;0.6;false;NearMint;French;20220625;0.6;0.6
5;Bloodcrazed Socialite;96;vow;Innistrad: Crimson Vow;0.05;false;NearMint;English;20220102;0.02;0.1
1;Bloodfell Caves;236;c17;Commander 2017;0.2;false;NearMint;French;20211026;0.03;0.03
4;Bloodfell Caves;236;c17;Commander 2017;0.2;false;Mint;French;20211026;0.03;0.12
1;Bloodfell Caves;243;iko;Ikoria: Lair of Behemoths;0.07;false;NearMint;French;20211027;0.09;0.09
1;Bloodfell Caves;264;neo;Kamigawa: Neon Dynasty;0.07;false;Mint;English;20220418;0.1;0.1
1;Bloodhaze Wolverine;113;eld;Throne of Eldraine;0.05;false;Mint;French;20211025;0.02;0.02
1;Bloodhaze Wolverine;113;eld;Throne of Eldraine;0.05;false;NearMint;English;20211025;0.02;0.02
1;Bloodline Culling;;pmid;Innistrad: Midnight Hunt Promos;0.25;false;Mint;French;20211023;0.13;0.13
1;Bloodmist Infiltrator;65;rna;Ravnica Allegiance;0.1;false;NearMint;English;20211027;0.02;0.02
1;Bloodsoaked Altar;90;m20;Core Set 2020;0.04;false;NearMint;French;20211027;0.02;0.02
2;Bloodsoaked Altar;90;m20;Core Set 2020;0.04;false;NearMint;English;20211027;0.02;0.04
1;Bloodthirsty Aerialist;136;c21;Commander 2021;0.12;false;NearMint;English;20211027;0.11;0.11
4;Bloodthirsty Aerialist;136;c21;Commander 2021;0.12;false;NearMint;French;20211027;0.11;0.44
2;Bloodtithe Harvester;232;vow;Innistrad: Crimson Vow;0.1;false;NearMint;English;20220102;0.08;0.16
2;Bloodvial Purveyor;98;vow;Innistrad: Crimson Vow;0.18;false;Mint;French;20220423;0.4;0.8
2;Bloody Betrayal;147;vow;Innistrad: Crimson Vow;0.07;false;NearMint;English;20220102;0.03;0.06
4;Bloom Hulk;154;war;War of the Spark;0.1;false;NearMint;French;20211024;0.06;0.24
1;Bloom Hulk;154;war;War of the Spark;0.09;false;Mint;French;20211025;0.06;0.06
1;Bloom Hulk;154;war;War of the Spark;0.09;false;NearMint;French;20211026;0.06;0.06
1;Blossoming Sands;244;iko;Ikoria: Lair of Behemoths;0.06;false;Mint;French;20211025;0.07;0.07
2;Blossoming Sands;243;m20;Core Set 2020;0.09;false;Mint;French;20211025;0.1;0.2
3;Blossoming Sands;243;m20;Core Set 2020;0.09;false;NearMint;French;20211026;0.1;0.3
1;Blossoming Sands;243;m20;Core Set 2020;0.09;false;NearMint;English;20211026;0.1;0.1
3;Blow Your House Down;114;eld;Throne of Eldraine;0.03;false;Mint;French;20211025;0.1;0.3
1;Blue Dragon;49;afr;Adventures in the Forgotten Realms;0.02;true;Mint;French;20211023;0.1;0.1
3;Blue Dragon;49;afr;Adventures in the Forgotten Realms;0.1;false;Mint;French;20211023;0.14;0.42
1;Boar Token (Food);9;teld;Throne of Eldraine Tokens;0.05;false;NearMint;French;20211027;0.15;0.15
1;Boarded Window;253;vow;Innistrad: Crimson Vow;0.04;false;NearMint;English;20220102;0.06;0.06
1;Body Dropper;168;snc;Streets of New Capenna;0.06;false;NearMint;French;20220625;0.06;0.06
1;Bogstomper;320;m20;Core Set 2020;0.65;false;NearMint;French;20211026;0.1;0.1
1;Bojuka Bog;132;wwk;Worldwake;0.91;false;NearMint;French;20211027;1.37;1.37
3;Bolt Bend;115;war;War of the Spark;0.15;false;NearMint;English;20211026;0.22;0.66
1;Bolt Hound;131;m21;Core Set 2021;0.14;false;Mint;French;20211024;0.17;0.17
4;Bomat Courier;;pkld;Kaladesh Promos;0.0;false;Mint;French;20211024;0.0;0.0
1;Bond of Discipline;6;war;War of the Spark;0.19;false;NearMint;English;20211023;0.07;0.07
1;Bond of Flourishing;155;war;War of the Spark;0.06;false;Mint;French;20211025;0.06;0.06
1;Bond of Flourishing;155;war;War of the Spark;0.06;false;NearMint;French;20211026;0.06;0.06
1;Bond of Insight;43;war;War of the Spark;0.13;false;Mint;English;20211025;0.15;0.15
1;Bond of Insight;43;war;War of the Spark;0.13;false;NearMint;English;20211026;0.15;0.15
1;Bone Shards;395;mh2;Modern Horizons 2;0.14;true;Mint;French;20211023;0.3;0.3
4;Bone Splinters;67;ala;Shards of Alara;0.04;false;NearMint;French;20211026;0.09;0.36
2;Bone to Ash;47;m19;Core Set 2019;0.18;false;Mint;English;20211024;0.02;0.04
1;Bone to Ash;47;m19;Core Set 2019;0.18;false;NearMint;English;20211025;0.02;0.02
2;Boneclad Necromancer;93;m20;Core Set 2020;0.05;false;NearMint;English;20211027;0.02;0.04
3;Boneclad Necromancer;93;m20;Core Set 2020;0.05;false;NearMint;French;20211027;0.02;0.06
5;Bonecrusher Giant // Stomp;;peld;Throne of Eldraine Promos;0.72;false;Mint;French;20211024;1.0;5.0
1;Bonecrusher Giant // Stomp;291;veld;Throne of Eldraine Variants;6.25;true;Mint;French;20211026;4.98;4.98
4;Bonecrusher Giant // Stomp;;peld;Throne of Eldraine Promos;0.74;false;NearMint;French;20211027;1.0;4.0
1;Boneyard Lurker;298;iko;Ikoria: Lair of Behemoths;0.13;false;Mint;French;20211024;0.1;0.1
1;Boneyard Lurker;178;iko;Ikoria: Lair of Behemoths;0.11;false;Mint;French;20211025;0.03;0.03
2;Boon of Safety;4;snc;Streets of New Capenna;0.19;false;NearMint;French;20220625;0.19;0.38
1;Boon of the Wish-Giver;43;iko;Ikoria: Lair of Behemoths;0.12;false;Mint;French;20211024;0.07;0.07
4;Boot Nipper;76;iko;Ikoria: Lair of Behemoths;0.07;false;Mint;French;20211024;0.02;0.08
4;Boots of Speed;133;afr;Adventures in the Forgotten Realms;0.18;false;Mint;French;20211023;0.03;0.12
1;Boots of Speed;133;afr;Adventures in the Forgotten Realms;0.13;false;NearMint;French;20211219;0.03;0.03
2;Boreal Elemental;49;m20;Core Set 2020;0.06;false;Mint;English;20211025;0.1;0.2
1;Boros Guildgate;244;grn;Guilds of Ravnica;0.06;false;NearMint;French;20211026;0.02;0.02
1;Boseiju, Who Endures;501;neo;Kamigawa: Neon Dynasty;31.59;false;Mint;English;20220418;34.85;34.85
1;Botanical Plaza;247;snc;Streets of New Capenna;0.09;false;NearMint;French;20220625;0.09;0.09
1;Bouncer's Beatdown;135;snc;Streets of New Capenna;0.08;false;Mint;French;20220423;0.04;0.04
1;Bouncer's Beatdown;135;snc;Streets of New Capenna;0.04;false;NearMint;French;20220625;0.04;0.04
1;Bounding Wolf;170;mid;Innistrad: Midnight Hunt;0.07;false;Mint;French;20211023;0.05;0.05
3;Bramblefort Fink;311;eld;Throne of Eldraine;0.13;false;Mint;French;20211024;0.1;0.3
1;Brazen Borrower // Petty Theft;;peld;Throne of Eldraine Promos;0.0;false;Mint;French;20211023;0.0;0.0
1;Brazen Borrower // Petty Theft;;peld;Throne of Eldraine Promos;0.0;false;Mint;English;20211024;0.0;0.0
2;Brazen Dwarf;134;afr;Adventures in the Forgotten Realms;0.03;false;Mint;French;20211023;0.11;0.22
1;Brazen Dwarf;134;afr;Adventures in the Forgotten Realms;0.07;false;NearMint;French;20211027;0.11;0.11
1;Brazen Dwarf;134;afr;Adventures in the Forgotten Realms;0.07;false;NearMint;English;20211027;0.11;0.11
1;Brazen Dwarf;134;afr;Adventures in the Forgotten Realms;0.09;false;NearMint;French;20211219;0.11;0.11
1;Brazen Upstart;169;snc;Streets of New Capenna;0.06;false;Mint;French;20220422;0.05;0.05
1;Brazen Upstart;361;snc;Streets of New Capenna;1.3;true;NearMint;French;20220625;1.3;1.3
1;Bride's Gown;4;vow;Innistrad: Crimson Vow;0.05;false;NearMint;English;20220102;0.04;0.04
1;Brightwood Tracker;166;m20;Core Set 2020;0.05;false;NearMint;English;20211026;0.02;0.02
3;Brimstone Trebuchet;116;eld;Throne of Eldraine;0.03;false;Mint;French;20211024;0.08;0.24
1;Brine Giant;44;thb;Theros Beyond Death;0.04;false;Mint;French;20211024;0.01;0.01
1;Brinebarrow Intruder;49;khm;Kaldheim;0.24;false;Mint;French;20211023;0.07;0.07
3;Brinebarrow Intruder;49;khm;Kaldheim;0.08;false;Mint;French;20211026;0.07;0.21
1;Brineborn Cutthroat;50;m20;Core Set 2020;0.16;false;Mint;French;20211024;0.12;0.12
3;Brineborn Cutthroat;50;m20;Core Set 2020;0.16;false;NearMint;English;20211024;0.12;0.36
2;Brineborn Cutthroat;50;m20;Core Set 2020;0.14;false;Mint;French;20211026;0.12;0.24
1;Bring to Trial;5;rna;Ravnica Allegiance;0.02;false;Mint;French;20211023;0.02;0.02
3;Bristling Boar;146;iko;Ikoria: Lair of Behemoths;0.06;false;Mint;French;20211025;0.02;0.06
1;Bristling Boar;338;m20;Core Set 2020;0.55;false;Mint;French;20211025;0.15;0.15
2;Broken Wings;181;znr;Zendikar Rising;0.01;false;Mint;French;20211023;0.02;0.04
1;Broken Wings;136;snc;Streets of New Capenna;0.05;false;Mint;French;20220423;0.05;0.05
1;Brokers Ascendancy;170;snc;Streets of New Capenna;0.4;false;NearMint;French;20220625;0.4;0.4
1;Brokers Charm;363;snc;Streets of New Capenna;0.49;true;NearMint;French;20220625;0.49;0.49
1;Brokers Hideout;248;snc;Streets of New Capenna;0.07;false;Mint;French;20220423;0.14;0.14
3;Brokers Hideout;248;snc;Streets of New Capenna;0.14;false;NearMint;French;20220625;0.14;0.42
3;Brokers Initiate;5;snc;Streets of New Capenna;0.02;false;NearMint;French;20220625;0.02;0.06
1;Brokers Veteran;36;snc;Streets of New Capenna;0.06;false;Mint;English;20220422;0.02;0.02
1;Brokers Veteran;36;snc;Streets of New Capenna;0.02;false;NearMint;French;20220625;0.02;0.02
2;Bronze Cudgels;240;neo;Kamigawa: Neon Dynasty;0.06;false;Mint;English;20220418;0.02;0.04
1;Bruenor Battlehammer;219;afr;Adventures in the Forgotten Realms;0.51;true;Mint;French;20211023;0.39;0.39
1;Bruenor Battlehammer;219;afr;Adventures in the Forgotten Realms;0.31;false;Mint;French;20211023;0.1;0.1
1;Bubble Snare;47;znr;Zendikar Rising;0.02;false;Mint;French;20211023;0.02;0.02
1;Bucknard's Everfull Purse;57;afc;Forgotten Realms Commander;0.21;false;NearMint;French;20211027;0.15;0.15
1;Bucknard's Everfull Purse;57;afc;Forgotten Realms Commander;0.21;false;NearMint;French;20211027;0.15;0.15
1;Bulette;173;afr;Adventures in the Forgotten Realms;0.03;false;Mint;French;20211023;0.02;0.02
1;Bulette;173;afr;Adventures in the Forgotten Realms;0.03;false;NearMint;English;20211027;0.02;0.02
1;Bulette;173;afr;Adventures in the Forgotten Realms;0.05;false;NearMint;French;20211219;0.02;0.02
1;Bull's Strength;174;afr;Adventures in the Forgotten Realms;0.05;false;Mint;French;20211023;0.21;0.21
2;Bull's Strength;174;afr;Adventures in the Forgotten Realms;0.03;false;NearMint;French;20211027;0.21;0.42
1;Bulwark Giant;93;jmp;Jumpstart;0.02;false;NearMint;French;20211027;0.02;0.02
1;Burglar Rat;214;jmp;Jumpstart;0.16;false;Mint;French;20211026;0.15;0.15
1;Burglar Rat;214;jmp;Jumpstart;0.15;false;NearMint;French;20211027;0.15;0.15
1;Burly Breaker;174;mid;Innistrad: Midnight Hunt;0.06;false;Mint;French;20211104;0.08;0.08
2;Burning Hands;135;afr;Adventures in the Forgotten Realms;0.16;false;Mint;French;20211023;0.12;0.24
1;Burning Hands;135;afr;Adventures in the Forgotten Realms;0.12;false;NearMint;French;20211027;0.12;0.12
1;Burning Hands;135;afr;Adventures in the Forgotten Realms;0.13;false;NearMint;French;20211219;0.12;0.12
1;Burning Prophet;117;war;War of the Spark;0.07;false;NearMint;English;20211026;0.02;0.02
2;Burning-Yard Trainer;117;eld;Throne of Eldraine;0.05;false;Mint;French;20211024;0.15;0.3
1;Burnished Hart;200;afc;Forgotten Realms Commander;0.14;false;NearMint;French;20211027;0.15;0.15
3;Bushmeat Poacher;77;iko;Ikoria: Lair of Behemoths;0.08;false;Mint;French;20211025;0.15;0.45
2;Bushmeat Poacher;77;iko;Ikoria: Lair of Behemoths;0.08;false;NearMint;English;20211027;0.15;0.3
1;Buy Your Silence;6;snc;Streets of New Capenna;0.09;false;Mint;French;20220422;0.02;0.02
1;Buy Your Silence;6;snc;Streets of New Capenna;0.02;false;Mint;French;20220423;0.02;0.02
1;Cabaretti Charm;173;snc;Streets of New Capenna;0.09;false;Mint;French;20220422;0.02;0.02
1;Cabaretti Charm;173;snc;Streets of New Capenna;0.02;false;NearMint;French;20220625;0.02;0.02
1;Cabaretti Courtyard;249;snc;Streets of New Capenna;0.08;false;Mint;French;20220423;0.08;0.08
2;Cabaretti Initiate;137;snc;Streets of New Capenna;0.14;false;Mint;French;20220422;0.02;0.04
2;Cabaretti Initiate;137;snc;Streets of New Capenna;0.04;false;Mint;French;20220423;0.02;0.04
2;Caldaia Strongarm;138;snc;Streets of New Capenna;0.02;false;NearMint;French;20220625;0.02;0.04
1;Call of the Death-Dweller;78;iko;Ikoria: Lair of Behemoths;0.53;false;Mint;French;20211025;0.73;0.73
1;Call of the Nightwing;8;gk1_dimir;Guild Kit: Dimir;0.04;false;NearMint;English;20211023;0.05;0.05
1;Callaphe, Beloved of the Sea;414;plist;The List;0.05;false;Mint;French;20211024;0.1;0.1
1;Callaphe, Beloved of the Sea;45;thb;Theros Beyond Death;0.06;false;Mint;French;20211024;0.02;0.02
1;Callous Dismissal;44;war;War of the Spark;0.09;false;NearMint;French;20211024;0.02;0.02
1;Callous Dismissal;44;war;War of the Spark;0.09;false;Mint;French;20211024;0.02;0.02
1;Callous Dismissal;44;war;War of the Spark;0.09;false;Mint;English;20211024;0.02;0.02
2;Callous Dismissal;44;war;War of the Spark;0.09;false;NearMint;English;20211024;0.02;0.04
2;Callous Dismissal;44;war;War of the Spark;0.08;false;Mint;French;20211025;0.02;0.04
1;Callous Dismissal;44;war;War of the Spark;0.08;false;NearMint;French;20211026;0.02;0.02
1;Candlegrove Witch;287;mid;Innistrad: Midnight Hunt;0.11;false;Mint;French;20211023;0.05;0.05
1;Candlegrove Witch;8;mid;Innistrad: Midnight Hunt;0.02;false;Mint;French;20211023;0.02;0.02
1;Candlelight Vigil;3;grn;Guilds of Ravnica;0.02;false;Mint;French;20211023;0.02;0.02
1;Canopy Baloth;182;znr;Zendikar Rising;0.02;false;Mint;French;20211023;0.02;0.02
1;Canyon Jerboa;7;znr;Zendikar Rising;0.02;false;Mint;French;20211023;0.11;0.11
1;Capenna Express;139;snc;Streets of New Capenna;0.02;false;Mint;French;20220423;0.1;0.1
2;Capenna Express;139;snc;Streets of New Capenna;0.1;false;NearMint;French;20220625;0.1;0.2
1;Captivating Gyre;51;m20;Core Set 2020;0.03;false;Mint;English;20211025;0.04;0.04
1;Captivating Gyre;51;m20;Core Set 2020;0.03;false;NearMint;French;20211025;0.04;0.04
1;Captivating Gyre;51;m20;Core Set 2020;0.03;false;NearMint;English;20211025;0.04;0.04
1;Captivating Unicorn;6;thb;Theros Beyond Death;0.05;false;Mint;French;20211024;0.02;0.02
2;Captivating Unicorn;6;thb;Theros Beyond Death;0.05;false;NearMint;English;20211027;0.02;0.04
3;Capture Sphere;44;iko;Ikoria: Lair of Behemoths;0.02;false;Mint;French;20211025;0.02;0.06
2;Capture Sphere;47;m21;Core Set 2021;0.06;false;NearMint;French;20211026;0.1;0.2
3;Capture Sphere;47;m21;Core Set 2021;0.06;false;Mint;French;20211026;0.1;0.3
1;Careless Celebrant;129;thb;Theros Beyond Death;0.08;false;Mint;French;20211024;0.21;0.21
1;Carrion Imp;593;mb1;Mystery Booster;0.04;false;NearMint;French;20211027;0.03;0.03
1;Cartographer's Survey;190;vow;Innistrad: Crimson Vow;0.05;false;NearMint;English;20220102;0.02;0.02
1;Cascade Seer;48;znr;Zendikar Rising;0.02;false;Mint;French;20211023;0.02;0.02
2;Cascade Seer;48;znr;Zendikar Rising;0.04;false;NearMint;French;20211027;0.02;0.04
1;Case the Joint;37;snc;Streets of New Capenna;0.03;false;Mint;French;20220423;0.02;0.02
1;Castle Ardenvale;;peld;Throne of Eldraine Promos;2.01;false;NearMint;French;20211026;2.3;2.3
1;Castle Ardenvale;;peld;Throne of Eldraine Promos;3.45;true;NearMint;French;20211026;3.0;3.0
2;Castle Embereth;239;eld;Throne of Eldraine;0.28;false;NearMint;French;20211027;0.19;0.38
1;Casualties of War;187;war;War of the Spark;0.8;false;NearMint;French;20211026;1.09;1.09
1;Cat Beast Token;3;tznr;Zendikar Rising Tokens;0.15;false;NearMint;French;20211027;0.36;0.36
2;Cat Token (1/1);2;tznr;Zendikar Rising Tokens;0.08;false;NearMint;French;20211027;0.14;0.28
1;Cataclysmic Gearhulk;80;c20;Commander 2020;0.32;false;NearMint;French;20211027;0.2;0.2
1;Catacomb Crocodile;594;mb1;Mystery Booster;0.03;false;NearMint;French;20211027;0.09;0.09
1;Cathartic Pyre;133;mid;Innistrad: Midnight Hunt;0.16;false;Mint;French;20211023;0.15;0.15
2;Catlike Curiosity;69;vow;Innistrad: Crimson Vow;0.09;false;Mint;French;20220423;0.15;0.3
1;Cavalry Drillmaster;8;m19;Core Set 2019;0.08;false;NearMint;French;20211026;0.01;0.01
1;Cavern Whisperer;287;iko;Ikoria: Lair of Behemoths;0.06;false;Mint;French;20211025;0.02;0.02
1;Cavern Whisperer;79;iko;Ikoria: Lair of Behemoths;0.1;false;Mint;French;20211025;0.02;0.02
1;Celebrity Fencer;7;snc;Streets of New Capenna;0.05;false;Mint;French;20220423;0.09;0.09
1;Celebrity Fencer;7;snc;Streets of New Capenna;0.09;false;NearMint;French;20220625;0.09;0.09
1;Celestial Enforcer;11;m21;Core Set 2021;0.04;false;Mint;French;20211024;0.02;0.02
2;Celestial Messenger;287;m20;Core Set 2020;0.1;false;Mint;English;20211026;0.05;0.1
2;Celestial Messenger;287;m20;Core Set 2020;0.1;false;NearMint;English;20211026;0.05;0.1
1;Celestial Regulator;174;snc;Streets of New Capenna;0.06;false;Mint;French;20220422;0.01;0.01
1;Celestial Regulator;174;snc;Streets of New Capenna;0.06;false;Mint;French;20220423;0.01;0.01
1;Celestial Regulator;174;snc;Streets of New Capenna;0.01;false;NearMint;French;20220625;0.01;0.01
1;Celestial Unicorn;301;afr;Adventures in the Forgotten Realms;0.1;false;Mint;French;20211023;0.02;0.02
2;Celestial Unicorn;5;afr;Adventures in the Forgotten Realms;0.04;false;Mint;French;20211023;0.08;0.16
1;Celestial Unicorn;301;afr;Adventures in the Forgotten Realms;0.1;false;NearMint;French;20211219;0.02;0.02
1;Celestus Sanctifier;12;mid;Innistrad: Midnight Hunt;0.02;false;Mint;French;20211023;0.01;0.01
1;Centaur Courser;164;m13;Magic 2013;0.04;false;Mint;French;20211024;0.09;0.09
1;Centaur Courser;164;m13;Magic 2013;0.05;false;Mint;French;20211025;0.09;0.09
2;Centaur Courser;164;m13;Magic 2013;0.05;false;NearMint;French;20211026;0.09;0.18
1;Centaur Nurturer;156;war;War of the Spark;0.1;false;Mint;French;20211024;0.02;0.02
3;Centaur Nurturer;156;war;War of the Spark;0.09;false;Mint;French;20211025;0.02;0.06
1;Centaur Nurturer;156;war;War of the Spark;0.09;false;NearMint;French;20211026;0.02;0.02
2;Ceremonial Knife;254;vow;Innistrad: Crimson Vow;0.06;false;NearMint;English;20220102;0.02;0.04
1;Chain of Vapor;73;ons;Onslaught;2.81;false;NearMint;French;20211030;4.7;4.7
1;Chain to Memory;46;thb;Theros Beyond Death;0.06;false;NearMint;French;20211027;0.02;0.02
1;Chain to Memory;46;thb;Theros Beyond Death;0.06;false;NearMint;English;20211027;0.02;0.02
1;Chainflail Centipede;90;neo;Kamigawa: Neon Dynasty;0.02;false;NearMint;English;20220507;0.05;0.05
1;Chainwhip Cyclops;118;war;War of the Spark;0.02;false;Mint;French;20211025;0.02;0.02
1;Champion of Wits;31;hou;Hour of Devastation;0.23;false;NearMint;French;20211027;0.23;0.23
4;Chandra's Embercat;129;m20;Core Set 2020;0.04;false;Mint;French;20211025;0.01;0.04
2;Chandra's Embercat;129;m20;Core Set 2020;0.04;false;NearMint;French;20211026;0.01;0.02
2;Chandra's Firemaw;333;m21;Core Set 2021;0.19;false;NearMint;English;20211027;0.35;0.7
1;Chandra's Incinerator;136;m21;Core Set 2021;0.45;false;NearMint;English;20211027;0.3;0.3
2;Chandra's Outrage;32;arc;Archenemy;0.16;false;NearMint;English;20211026;0.26;0.52
1;Chandra's Outrage;32;arc;Archenemy;0.16;false;NearMint;French;20211026;0.26;0.26
1;Chandra's Outrage;130;m20;Core Set 2020;0.06;false;NearMint;French;20211026;0.01;0.01
4;Chandra's Outrage;32;arc;Archenemy;0.16;false;Mint;French;20211026;0.26;1.04
2;Chandra's Pyreling;304;m21;Core Set 2021;0.16;false;NearMint;English;20211027;0.08;0.16
1;Chandra's Pyreling;138;m21;Core Set 2021;0.06;false;NearMint;English;20211027;0.02;0.02
1;Chandra's Pyrohelix;120;war;War of the Spark;0.05;false;NearMint;English;20211026;0.15;0.15
1;Chandra's Spitfire;132;m20;Core Set 2020;0.12;false;Mint;French;20211026;0.29;0.29
2;Chandra's Triumph;121;war;War of the Spark;0.07;false;NearMint;English;20211026;0.15;0.3
1;Chandra, Flame's Catalyst;332;m21;Core Set 2021;5.88;false;NearMint;English;20211027;0.0;0.0
1;Chandra, Novice Pyromancer;128;m20;Core Set 2020;0.13;false;Mint;French;20211026;0.05;0.05
1;Chandra, Torch of Defiance;110;kld;Kaladesh;5.86;false;Mint;French;20211024;8.47;8.47
1;Chaos Channeler;136;afr;Adventures in the Forgotten Realms;0.07;false;Mint;French;20211023;0.32;0.32
1;Chaos Channeler;136;afr;Adventures in the Forgotten Realms;0.07;false;NearMint;French;20211027;0.32;0.32
1;Chaos Wand;201;afc;Forgotten Realms Commander;0.19;false;NearMint;French;20211027;0.2;0.2
1;Chaos Warp;117;afc;Forgotten Realms Commander;1.14;false;NearMint;French;20211027;0.94;0.94
1;Charge of the Forever-Beast;147;iko;Ikoria: Lair of Behemoths;0.06;false;Mint;French;20211025;0.02;0.02
1;Charity Extractor;81;war;War of the Spark;0.04;false;NearMint;French;20211027;0.02;0.02
2;Charmed Sleep;50;afr;Adventures in the Forgotten Realms;0.01;false;Mint;French;20211023;0.02;0.04
2;Charmed Sleep;40;eld;Throne of Eldraine;0.02;false;Mint;English;20211024;0.02;0.04
7;Charmed Sleep;40;eld;Throne of Eldraine;0.02;false;Mint;French;20211024;0.02;0.14
4;Charmed Stray;8;war;War of the Spark;0.09;false;NearMint;English;20211026;0.15;0.6
1;Charmed Stray;8;war;War of the Spark;0.09;false;NearMint;French;20211026;0.15;0.15
2;Charming Prince;;peld;Throne of Eldraine Promos;1.44;false;Mint;French;20211026;1.38;2.76
4;Check for Traps;92;afr;Adventures in the Forgotten Realms;0.05;false;Mint;French;20211023;0.05;0.2
1;Checkpoint Officer;5;iko;Ikoria: Lair of Behemoths;0.05;false;Mint;French;20211024;0.02;0.02
1;Chemister's Insight;80;c19;Commander 2019;0.15;false;Mint;French;20211025;0.05;0.05
1;Chemister's Insight;80;c19;Commander 2019;0.15;false;NearMint;French;20211026;0.05;0.05
2;Child of Night;65;grn;Guilds of Ravnica;0.03;false;NearMint;French;20211027;0.01;0.02
1;Chilling Trap;50;znr;Zendikar Rising;0.1;false;Mint;French;20211023;0.1;0.1
1;Chittering Harvester;80;iko;Ikoria: Lair of Behemoths;0.1;false;Mint;French;20211024;0.13;0.13
1;Chittering Witch;95;afc;Forgotten Realms Commander;0.33;false;NearMint;French;20211027;0.25;0.25
1;Choked Estuary;228;afc;Forgotten Realms Commander;0.7;false;NearMint;French;20211027;0.25;0.25
1;Choose Your Weapon;175;afr;Adventures in the Forgotten Realms;0.08;false;Mint;French;20211023;0.02;0.02
1;Choose Your Weapon;175;afr;Adventures in the Forgotten Realms;0.09;false;NearMint;French;20211027;0.02;0.02
2;Circle of Confinement;7;vow;Innistrad: Crimson Vow;0.09;false;NearMint;English;20220102;0.11;0.22
1;Circle of the Moon Druid;177;afr;Adventures in the Forgotten Realms;0.04;false;NearMint;French;20211219;0.1;0.1
4;Citizen Token;12;tsnc;Streets of New Capenna Tokens;0.06;false;NearMint;French;20220625;0.06;0.24
1;Civic Gardener;140;snc;Streets of New Capenna;0.06;false;Mint;French;20220423;0.01;0.01
2;Civic Gardener;140;snc;Streets of New Capenna;0.01;false;NearMint;French;20220625;0.01;0.02
1;Civil Servant;176;snc;Streets of New Capenna;0.02;false;NearMint;French;20220625;0.02;0.02
1;Claim the Firstborn;118;eld;Throne of Eldraine;0.15;false;Mint;French;20211026;0.08;0.08
1;Clamor Shaman;96;rna;Ravnica Allegiance;0.13;false;Mint;French;20211025;0.03;0.03
2;Clattering Skeletons;312;afr;Adventures in the Forgotten Realms;0.07;false;Mint;French;20211023;0.14;0.28
3;Clattering Skeletons;93;afr;Adventures in the Forgotten Realms;0.02;false;Mint;French;20211023;0.01;0.03
2;Clattering Skeletons;93;afr;Adventures in the Forgotten Realms;0.02;false;NearMint;French;20211027;0.01;0.02
1;Clattering Skeletons;93;afr;Adventures in the Forgotten Realms;0.1;false;NearMint;French;20211219;0.01;0.01
1;Clay Golem;58;afc;Forgotten Realms Commander;0.13;false;NearMint;French;20211027;0.09;0.09
1;Cleansing Wildfire;137;znr;Zendikar Rising;0.21;false;NearMint;French;20211027;0.82;0.82
1;Clear Shot;159;2xm;Double Masters;0.02;false;Mint;French;20211023;0.03;0.03
2;Clear the Mind;320;mb1;Mystery Booster;0.11;false;Mint;French;20211024;0.04;0.08
1;Clearwater Pathway;286;znr;Zendikar Rising;5.94;false;Mint;French;20211023;7.0;7.0
1;Cleric Class;6;afr;Adventures in the Forgotten Realms;0.28;false;Mint;French;20211023;0.78;0.78
1;Cleric of Chill Depths;51;znr;Zendikar Rising;0.02;false;Mint;French;20211023;0.05;0.05
1;Cleric of Life's Bond;222;znr;Zendikar Rising;0.09;false;NearMint;French;20211027;0.02;0.02
10;Clever Conjurer;51;afr;Adventures in the Forgotten Realms;0.01;false;Mint;French;20211023;0.1;1.0
2;Clever Conjurer;51;afr;Adventures in the Forgotten Realms;0.06;false;NearMint;French;20211219;0.1;0.2
1;Cliffhaven Kitesail;243;znr;Zendikar Rising;0.23;false;Mint;French;20211023;0.14;0.14
1;Cliffhaven Kitesail;243;znr;Zendikar Rising;0.1;false;NearMint;English;20211027;0.14;0.14
1;Cliffhaven Kitesail;243;znr;Zendikar Rising;0.1;false;NearMint;French;20211027;0.14;0.14
1;Cliffhaven Sell-Sword;8;znr;Zendikar Rising;0.02;false;Mint;French;20211023;0.03;0.03
1;Cliffhaven Sell-Sword;8;znr;Zendikar Rising;0.03;false;NearMint;English;20211027;0.03;0.03
3;Cling to Dust;87;thb;Theros Beyond Death;0.24;false;NearMint;French;20211027;0.09;0.27
1;Clockwork Servant;216;eld;Throne of Eldraine;0.05;false;NearMint;French;20211027;0.02;0.02
1;Clockwork Servant;216;eld;Throne of Eldraine;0.05;false;NearMint;English;20211027;0.02;0.02
1;Cloudblazer;201;a25;Masters 25;0.09;false;NearMint;French;20211027;0.14;0.14
2;Cloudkin Seer;323;mb1;Mystery Booster;0.08;false;Mint;French;20211024;0.02;0.04
5;Cloudkin Seer;323;mb1;Mystery Booster;0.08;false;Mint;English;20211024;0.02;0.1
2;Cloudkin Seer;323;mb1;Mystery Booster;0.08;false;NearMint;French;20211026;0.02;0.04
1;Cloudsteel Kirin;;pneo;Kamigawa: Neon Dynasty Promos;0.1;false;NearMint;English;20220507;0.5;0.5
1;Clue Token;15;tmh2;Modern Horizons 2 Tokens;0.0;true;Mint;French;20211023;0.0;0.0
1;Coast Watcher;30;scg;Scourge;0.09;false;NearMint;French;20211030;0.02;0.02
1;Code of Constraint;35;rna;Ravnica Allegiance;0.1;false;NearMint;English;20211023;0.02;0.02
1;Coiling Stalker;346;neo;Kamigawa: Neon Dynasty;0.05;false;Mint;English;20220418;0.02;0.02
1;Colossal Dreadmaw;125;rix;Rivals of Ixalan;0.04;false;Mint;French;20211025;0.02;0.02
1;Colossal Skyturtle;216;neo;Kamigawa: Neon Dynasty;0.17;false;NearMint;English;20220507;0.17;0.17
1;Colossification;327;iko;Ikoria: Lair of Behemoths;0.83;false;Mint;French;20211024;0.35;0.35
1;Colossification;148;iko;Ikoria: Lair of Behemoths;0.21;false;Mint;French;20211025;0.3;0.3
1;Combine Chrysalis;191;mh2;Modern Horizons 2;0.14;true;Mint;French;20211023;0.76;0.76
1;Combine Guildmage;163;rna;Ravnica Allegiance;0.11;false;NearMint;English;20211024;0.06;0.06
1;Combine Guildmage;163;rna;Ravnica Allegiance;0.1;false;NearMint;French;20211026;0.06;0.06
1;Command Tower;284;c21;Commander 2021;0.18;false;NearMint;French;20211027;0.11;0.11
1;Command Tower;284;c21;Commander 2021;0.18;false;NearMint;French;20211027;0.11;0.11
1;Command the Dreadhorde;82;war;War of the Spark;0.42;false;NearMint;English;20211026;0.61;0.61
1;Commander's Sphere;203;afc;Forgotten Realms Commander;0.13;false;NearMint;French;20211027;0.11;0.11
1;Commander's Sphere;203;afc;Forgotten Realms Commander;0.13;false;NearMint;French;20211027;0.11;0.11
2;Commanding Presence;7;thb;Theros Beyond Death;0.04;false;Mint;French;20211023;0.07;0.14
1;Commanding Presence;7;thb;Theros Beyond Death;0.05;false;Mint;French;20211024;0.07;0.07
1;Commence the Endgame;45;war;War of the Spark;0.16;false;Mint;French;20211024;0.08;0.08
1;Commune with Lava;149;c20;Commander 2020;0.12;false;NearMint;French;20211027;0.14;0.14
1;Companion Card;13;tiko;Ikoria: Lair of Behemoths Tokens;0.11;false;Mint;French;20211025;0.02;0.02
3;Companion Card;13;tiko;Ikoria: Lair of Behemoths Tokens;0.13;false;NearMint;French;20211027;0.02;0.06
1;Compelled Duel;178;afr;Adventures in the Forgotten Realms;0.02;false;Mint;French;20211023;0.01;0.01
2;Compelled Duel;178;afr;Adventures in the Forgotten Realms;0.08;false;NearMint;French;20211219;0.01;0.02
1;Component Pouch;59;afc;Forgotten Realms Commander;0.12;false;NearMint;French;20211027;0.17;0.17
1;Concerted Defense;52;znr;Zendikar Rising;0.07;false;NearMint;French;20211027;0.02;0.02
1;Conclave Cavalier;161;grn;Guilds of Ravnica;0.07;false;NearMint;English;20211026;0.09;0.09
1;Conclave Mentor;216;m21;Core Set 2021;0.5;false;Mint;French;20211024;0.73;0.73
1;Concordia Pegasus;304;m20;Core Set 2020;0.11;false;Mint;French;20211026;0.02;0.02
1;Construct Token;6;tneo;Kamigawa: Neon Dynasty Tokens;0.1;false;NearMint;English;20220507;0.2;0.2
1;Construct Token (1/1);10;tznr;Zendikar Rising Tokens;0.1;false;NearMint;French;20211027;0.13;0.13
1;Consuming Blob;;pmid;Innistrad: Midnight Hunt Promos;0.0;false;Mint;French;20211023;0.0;0.0
1;Consuming Vapors;101;roe;Rise of the Eldrazi;0.08;false;NearMint;French;20211027;0.09;0.09
1;Contact Other Plane;52;afr;Adventures in the Forgotten Realms;0.14;true;Mint;French;20211023;0.15;0.15
3;Contact Other Plane;52;afr;Adventures in the Forgotten Realms;0.01;false;Mint;French;20211023;0.02;0.06
1;Contact Other Plane;52;afr;Adventures in the Forgotten Realms;0.06;false;NearMint;French;20211027;0.02;0.02
1;Contact Other Plane;52;afr;Adventures in the Forgotten Realms;0.1;false;NearMint;French;20211219;0.02;0.02
1;Containment Construct;243;neo;Kamigawa: Neon Dynasty;0.42;false;NearMint;English;20220625;0.42;0.42
1;Containment Priest;;pm21;Core Set 2021 Promos;0.31;false;Mint;French;20211024;0.35;0.35
1;Contentious Plan;46;war;War of the Spark;0.12;false;Mint;French;20211023;0.09;0.09
2;Contentious Plan;46;war;War of the Spark;0.12;false;NearMint;French;20211023;0.09;0.18
1;Contentious Plan;46;war;War of the Spark;0.06;false;NearMint;English;20211024;0.09;0.09
1;Contentious Plan;46;war;War of the Spark;0.06;false;NearMint;French;20211024;0.09;0.09
1;Conviction;12;aer;Aether Revolt;0.03;false;Mint;French;20211023;0.11;0.11
1;Convolute;45;iko;Ikoria: Lair of Behemoths;0.04;false;Mint;French;20211024;0.02;0.02
2;Convolute;53;emn;Eldritch Moon;0.02;false;Mint;English;20211024;0.04;0.08
5;Convolute;332;mb1;Mystery Booster;0.09;false;Mint;English;20211024;0.05;0.25
1;Convolute;45;iko;Ikoria: Lair of Behemoths;0.03;false;Mint;French;20211025;0.02;0.02
2;Coordinated Charge;6;iko;Ikoria: Lair of Behemoths;0.08;false;Mint;French;20211024;0.05;0.1
1;Coordinated Charge;6;iko;Ikoria: Lair of Behemoths;0.07;false;Mint;French;20211025;0.05;0.05
1;Copy Token;13;tcmr;Commander Legends Tokens;0.09;false;NearMint;French;20220625;0.09;0.09
1;Corpse Appraiser;178;snc;Streets of New Capenna;0.07;false;Mint;French;20220422;0.02;0.02
1;Corpse Appraiser;367;snc;Streets of New Capenna;2.39;true;Mint;French;20220423;0.53;0.53
2;Corpse Appraiser;178;snc;Streets of New Capenna;0.02;false;NearMint;French;20220625;0.02;0.04
1;Corpse Churn;81;iko;Ikoria: Lair of Behemoths;0.07;false;Mint;French;20211025;0.02;0.02
1;Corpse Cobble;214;mid;Innistrad: Midnight Hunt;0.11;false;NearMint;French;20211219;0.04;0.04
1;Corpse Knight;206;pm20;Core Set 2020 Promos;0.15;false;NearMint;French;20211026;1.1;1.1
1;Corridor Monitor;46;2xm;Double Masters;0.07;false;Mint;English;20211024;0.17;0.17
4;Corridor Monitor;46;2xm;Double Masters;0.06;false;NearMint;French;20211027;0.17;0.68
3;Courage in Crisis;158;war;War of the Spark;0.09;false;Mint;French;20211025;0.03;0.09
3;Courier Bat;102;vow;Innistrad: Crimson Vow;0.04;false;NearMint;English;20220102;0.02;0.06
1;Courier's Briefcase;142;snc;Streets of New Capenna;0.1;false;NearMint;French;20220625;0.1;0.1
1;Courier's Briefcase;467;snc;Streets of New Capenna;0.06;false;NearMint;French;20220625;0.06;0.06
1;Covetous Urge;207;eld;Throne of Eldraine;0.05;false;Mint;French;20211026;0.02;0.02
1;Covetous Urge;207;eld;Throne of Eldraine;0.05;false;NearMint;English;20211026;0.02;0.02
1;Crab Token;2;tmh2;Modern Horizons 2 Tokens;0.0;true;Mint;French;20211023;0.0;0.0
1;Crab Token;2;tmh2;Modern Horizons 2 Tokens;0.09;false;Mint;French;20211023;0.05;0.05
1;Creeping Trailblazer;207;m20;Core Set 2020;0.13;false;NearMint;French;20211024;0.12;0.12
1;Crew Captain;180;snc;Streets of New Capenna;0.02;false;NearMint;French;20220625;0.02;0.02
3;Crippling Fear;350;khm;Kaldheim;1.48;false;Mint;French;20220423;1.45;4.35
1;Critical Hit;137;afr;Adventures in the Forgotten Realms;0.07;false;Mint;French;20211023;0.02;0.02
1;Critical Hit;137;afr;Adventures in the Forgotten Realms;0.07;false;NearMint;French;20211219;0.02;0.02
2;Crooked Custodian;71;snc;Streets of New Capenna;0.03;false;Mint;French;20220422;0.02;0.04
1;Crooked Custodian;71;snc;Streets of New Capenna;0.02;false;NearMint;French;20220625;0.02;0.02
1;Crossroads Candleguide;253;mid;Innistrad: Midnight Hunt;0.08;false;Mint;French;20211023;0.09;0.09
1;Crush Dissent;47;war;War of the Spark;0.04;false;NearMint;French;20211026;0.02;0.02
1;Cry of the Carnarium;70;rna;Ravnica Allegiance;0.09;false;Mint;French;20211026;0.1;0.1
1;Cry of the Carnarium;70;rna;Ravnica Allegiance;0.09;false;NearMint;French;20211026;0.1;0.1
2;Cryptic Caves;125;znc;Zendikar Rising Commander;0.08;false;NearMint;English;20211027;0.09;0.18
3;Crystacean;46;iko;Ikoria: Lair of Behemoths;0.05;false;Mint;French;20211025;0.02;0.06
3;Crystal Slipper;119;eld;Throne of Eldraine;0.05;false;Mint;French;20211025;0.03;0.09
1;Cubwarden;279;iko;Ikoria: Lair of Behemoths;0.48;false;Mint;French;20211025;0.1;0.1
1;Cunning Geysermage;55;znr;Zendikar Rising;0.02;false;Mint;French;20211023;0.06;0.06
1;Cunning Nightbonder;219;iko;Ikoria: Lair of Behemoths;0.14;false;Mint;French;20211024;0.08;0.08
1;Curator of Mysteries;49;pres;Resale Promos;1.86;false;NearMint;French;20211027;0.0;0.0
1;Curious Pair // Treats to Share;150;eld;Throne of Eldraine;0.06;false;NearMint;French;20211027;0.11;0.11
1;Cutthroat Contender;73;snc;Streets of New Capenna;0.06;false;Mint;French;20220422;0.1;0.1
1;Cutthroat Contender;73;snc;Streets of New Capenna;0.1;false;NearMint;French;20220625;0.1;0.1
3;Cyclops Electromancer;122;war;War of the Spark;0.03;false;NearMint;English;20211026;0.15;0.45
1;Daggersail Aeronaut;133;m20;Core Set 2020;0.06;false;Mint;English;20211025;0.02;0.02
1;Dancing Sword;;pafr;Adventures in the Forgotten Realms Promos;0.65;true;Mint;French;20211023;0.8;0.8
1;Dancing Sword;360;afr;Adventures in the Forgotten Realms;0.58;true;NearMint;French;20211027;0.31;0.31
1;Danse Macabre;291;afc;Forgotten Realms Commander;0.68;false;NearMint;French;20211027;0.56;0.56
1;Dapper Shieldmate;9;snc;Streets of New Capenna;0.02;false;Mint;French;20220423;0.02;0.02
2;Dapper Shieldmate;9;snc;Streets of New Capenna;0.02;false;NearMint;French;20220625;0.02;0.04
1;Daring Escape;104;snc;Streets of New Capenna;0.04;false;Mint;French;20220422;0.02;0.02
1;Dark Bargain;82;iko;Ikoria: Lair of Behemoths;0.05;false;Mint;French;20211025;0.02;0.02
2;Dark Remedy;321;m20;Core Set 2020;0.13;false;NearMint;French;20211026;0.04;0.08
1;Dark-Dweller Oracle;119;afc;Forgotten Realms Commander;0.18;false;NearMint;French;20211027;0.12;0.12
1;Darkwater Catacombs;232;afc;Forgotten Realms Commander;0.28;false;NearMint;French;20211027;0.1;0.1
1;Daru Mender;8;lgn;Legions;0.06;false;NearMint;French;20211030;0.05;0.05
1;Dauntless Avenger;4;mid;Innistrad: Midnight Hunt;0.1;false;Mint;French;20211023;0.05;0.05
1;Dauntless Survivor;184;znr;Zendikar Rising;0.01;false;Mint;French;20211023;0.02;0.02
1;Dauntless Survivor;184;znr;Zendikar Rising;0.06;false;NearMint;French;20211027;0.02;0.02
1;Dauntless Unity;9;znr;Zendikar Rising;0.05;false;Mint;French;20211023;0.01;0.01
1;Dauntless Unity;9;znr;Zendikar Rising;0.06;false;NearMint;English;20211027;0.01;0.01
6;Davriel's Shadowfugue;84;war;War of the Spark;0.04;false;NearMint;French;20211026;0.02;0.12
1;Davriel, Rogue Shadowmage;83;war;War of the Spark;0.14;false;NearMint;French;20211026;0.25;0.25
1;Dawn Evangel;8;thb;Theros Beyond Death;0.04;false;NearMint;French;20211026;0.02;0.02
2;Dawnbringer Cleric;9;afr;Adventures in the Forgotten Realms;0.12;false;Mint;French;20211023;0.36;0.72
1;Dawnbringer Cleric;9;afr;Adventures in the Forgotten Realms;0.12;false;NearMint;French;20211219;0.36;0.36
2;Dawnhart Geist;8;vow;Innistrad: Crimson Vow;0.1;false;NearMint;English;20220102;0.09;0.18
1;Dawnhart Rejuvenator;301;mid;Innistrad: Midnight Hunt;0.02;false;Mint;English;20211023;0.04;0.04
1;Dawnhart Rejuvenator;301;mid;Innistrad: Midnight Hunt;0.02;false;Mint;French;20211023;0.04;0.04
1;Dawning Angel;11;m20;Core Set 2020;0.06;false;NearMint;French;20211027;0.02;0.02
1;Daxos, Blessed by the Sun;9;thb;Theros Beyond Death;0.09;false;Mint;French;20211024;0.15;0.15
1;Daxos, Blessed by the Sun;258;vthb;Theros Beyond Death Variants;0.18;false;NearMint;French;20211026;0.05;0.05
1;Daybreak Chaplain;10;m19;Core Set 2019;0.04;false;NearMint;French;20211026;0.02;0.02
3;Daybreak Chaplain;12;m20;Core Set 2020;0.04;false;NearMint;French;20211026;0.01;0.03
2;Daybreak Chimera;10;thb;Theros Beyond Death;0.06;false;Mint;French;20211024;0.01;0.02
5;Daybreak Chimera;10;thb;Theros Beyond Death;0.05;false;NearMint;French;20211027;0.01;0.05
1;Daybreak Combatants;153;vow;Innistrad: Crimson Vow;0.02;false;NearMint;English;20220102;0.02;0.02
1;Daysquad Marshal;8;iko;Ikoria: Lair of Behemoths;0.08;false;Mint;French;20211025;0.04;0.04
1;Dead Man's Chest;97;afc;Forgotten Realms Commander;0.18;false;NearMint;French;20211027;0.12;0.12
1;Dead Weight;67;grn;Guilds of Ravnica;0.08;false;Mint;French;20211026;0.02;0.02
1;Dead Weight;67;grn;Guilds of Ravnica;0.08;false;NearMint;French;20211026;0.02;0.02
1;Deadly Alliance;96;znr;Zendikar Rising;0.2;false;Mint;French;20211023;0.05;0.05
2;Deadly Alliance;96;znr;Zendikar Rising;0.07;false;NearMint;French;20211027;0.05;0.1
3;Deadly Dispute;94;afr;Adventures in the Forgotten Realms;0.3;false;Mint;French;20211023;1.55;4.65
1;Deadly Dispute;94;afr;Adventures in the Forgotten Realms;1.66;false;NearMint;French;20211219;1.55;1.55
1;Deadly Visit;68;grn;Guilds of Ravnica;0.05;false;NearMint;French;20211026;0.02;0.02
1;Deal Gone Bad;74;snc;Streets of New Capenna;0.0;false;Mint;French;20220422;0.02;0.02
2;Deal Gone Bad;74;snc;Streets of New Capenna;0.02;false;Mint;French;20220423;0.02;0.04
1;Death Tyrant;23;afc;Forgotten Realms Commander;0.89;false;NearMint;French;20211027;1.05;1.05
1;Death's Oasis;;piko;Ikoria: Lair of Behemoths Promos;0.5;false;Mint;French;20211024;0.0;0.0
4;Death-Priest of Myrkul;95;afr;Adventures in the Forgotten Realms;0.08;false;Mint;French;20211023;0.16;0.64
1;Defiant Salvager;83;2xm;Double Masters;0.02;false;Mint;French;20211023;0.05;0.05
1;Defiant Strike;9;war;War of the Spark;0.02;false;Mint;French;20211023;0.1;0.1
1;Defiant Strike;9;war;War of the Spark;0.07;false;NearMint;English;20211027;0.1;0.1
1;Deftblade Elite;12;lgn;Legions;0.26;false;NearMint;French;20211030;0.26;0.26
1;Delina, Wild Mage;;pafr;Adventures in the Forgotten Realms Promos;0.0;false;Mint;French;20211023;0.0;0.0
1;Delver's Torch;10;afr;Adventures in the Forgotten Realms;0.1;false;Mint;French;20211023;0.07;0.07
1;Delver's Torch;10;afr;Adventures in the Forgotten Realms;0.1;false;NearMint;French;20211027;0.07;0.07
4;Demogorgon's Clutches;96;afr;Adventures in the Forgotten Realms;0.07;false;Mint;French;20211023;0.04;0.16
1;Demogorgon's Clutches;96;afr;Adventures in the Forgotten Realms;0.08;false;NearMint;French;20211219;0.04;0.04
2;Demon Token;5;tm20;Core Set 2020 Tokens;0.06;false;NearMint;French;20211027;0.03;0.06
1;Demon's Due;75;snc;Streets of New Capenna;0.1;false;Mint;French;20220422;0.09;0.09
1;Demon's Due;75;snc;Streets of New Capenna;0.04;false;Mint;French;20220423;0.09;0.09
1;Demon's Due;75;snc;Streets of New Capenna;0.09;false;NearMint;French;20220625;0.09;0.09
1;Demonic Bargain;103;vow;Innistrad: Crimson Vow;0.21;false;NearMint;English;20220102;0.13;0.13
1;Demonic Embrace;;pm21;Core Set 2021 Promos;0.18;false;NearMint;English;20211027;0.1;0.1
2;Deny the Divine;47;thb;Theros Beyond Death;0.04;false;NearMint;French;20211026;0.02;0.04
1;Despark;209;c20;Commander 2020;0.29;false;NearMint;French;20211027;0.28;0.28
4;Desperate Lunge;266;war;War of the Spark;0.05;false;Mint;English;20211023;0.15;0.6
1;Destructive Digger;134;m20;Core Set 2020;0.05;false;Mint;French;20211025;0.11;0.11
1;Devious Cover-Up;48;mid;Innistrad: Midnight Hunt;0.1;false;Mint;French;20211023;0.02;0.02
1;Devious Cover-Up;35;grn;Guilds of Ravnica;0.06;false;Mint;French;20211026;0.1;0.1
1;Devkarin Dissident;127;grn;Guilds of Ravnica;0.02;false;NearMint;French;20211026;0.02;0.02
2;Devoted Paladin;11;afr;Adventures in the Forgotten Realms;0.1;false;Mint;French;20211023;0.02;0.04
3;Devour Intellect;97;afr;Adventures in the Forgotten Realms;0.01;false;Mint;French;20211023;0.01;0.03
1;Devour Intellect;97;afr;Adventures in the Forgotten Realms;0.03;false;NearMint;French;20211027;0.01;0.01
3;Devourer of Memory;213;thb;Theros Beyond Death;0.07;false;Mint;French;20211024;0.02;0.06
1;Devout Decree;13;m20;Core Set 2020;0.02;false;Mint;French;20211023;0.17;0.17
1;Devout Decree;13;m20;Core Set 2020;0.11;false;NearMint;English;20211023;0.17;0.17
1;Devout Decree;13;m20;Core Set 2020;0.08;false;NearMint;English;20211026;0.17;0.17
1;Diamond Knight;224;m20;Core Set 2020;0.05;false;NearMint;French;20211025;0.06;0.06
2;Diamond Knight;224;m20;Core Set 2020;0.05;false;Mint;French;20211025;0.06;0.12
3;Diamond Knight;224;m20;Core Set 2020;0.05;false;NearMint;English;20211026;0.06;0.18
1;Didn't Say Please;42;eld;Throne of Eldraine;0.09;false;NearMint;French;20211026;0.09;0.09
3;Didn't Say Please;42;eld;Throne of Eldraine;0.09;false;NearMint;English;20211026;0.09;0.27
1;Dig Through Time;2;plg21;Love Your LGS 2021;0.73;true;Mint;English;20220102;0.32;0.32
1;Dig Up the Body;76;snc;Streets of New Capenna;0.07;false;Mint;French;20220422;0.09;0.09
1;Dig Up the Body;76;snc;Streets of New Capenna;0.04;false;Mint;French;20220423;0.09;0.09
1;Dig Up the Body;76;snc;Streets of New Capenna;0.09;false;NearMint;French;20220625;0.09;0.09
1;Dimir Aqueduct;242;c18;Commander 2018;0.16;false;NearMint;French;20211027;0.08;0.08
1;Dinosaur Beast Token;11;tiko;Ikoria: Lair of Behemoths Tokens;0.31;false;Mint;French;20211025;1.25;1.25
1;Dinosaur Token (Haste 1/1);8;tiko;Ikoria: Lair of Behemoths Tokens;0.05;false;Mint;French;20211025;0.04;0.04
1;Dinosaur Token (Haste 1/1);8;tiko;Ikoria: Lair of Behemoths Tokens;0.05;false;NearMint;French;20211027;0.04;0.04
1;Dire Fleet Daredevil;;prix;Rivals of Ixalan Promos;1.55;false;NearMint;French;20211027;0.94;0.94
1;Dire Tactics;183;iko;Ikoria: Lair of Behemoths;0.14;false;Mint;French;20211025;0.99;0.99
1;Dire Wolf Prowler;179;afr;Adventures in the Forgotten Realms;0.1;false;Mint;French;20211023;0.01;0.01
1;Dire Wolf Prowler;179;afr;Adventures in the Forgotten Realms;0.11;false;NearMint;French;20211219;0.01;0.01
1;Dire-Strain Brawler;305;mid;Innistrad: Midnight Hunt;0.02;false;Mint;French;20211023;0.04;0.04
1;Dire-Strain Brawler;203;mid;Innistrad: Midnight Hunt;0.05;false;Mint;French;20211023;0.02;0.02
1;Dire-Strain Demolisher;174;mid;Innistrad: Midnight Hunt;0.06;false;Mint;French;20211104;0.08;0.08
1;Diregraf Ghoul;92;m19;Core Set 2019;0.1;false;NearMint;French;20211027;0.02;0.02
3;Diregraf Scavenger;105;vow;Innistrad: Crimson Vow;0.07;false;NearMint;English;20220102;0.02;0.06
1;Disciplined Duelist;182;snc;Streets of New Capenna;0.09;false;Mint;English;20220422;0.25;0.25
1;Disciplined Duelist;182;snc;Streets of New Capenna;0.25;false;NearMint;French;20220625;0.25;0.25
1;Discordant Piper;88;thb;Theros Beyond Death;0.06;false;Mint;French;20211024;0.02;0.02
1;Discordant Piper;88;thb;Theros Beyond Death;0.07;false;NearMint;French;20211027;0.02;0.02
1;Discover the Impossible;50;neo;Kamigawa: Neon Dynasty;0.13;false;Mint;English;20220419;0.13;0.13
1;Disdainful Stroke;37;grn;Guilds of Ravnica;0.07;false;Mint;French;20211025;0.02;0.02
1;Disdainful Stroke;37;grn;Guilds of Ravnica;0.07;false;NearMint;French;20211026;0.02;0.02
1;Disdainful Stroke;39;snc;Streets of New Capenna;0.04;false;Mint;French;20220423;0.07;0.07
1;Disdainful Stroke;39;snc;Streets of New Capenna;0.07;false;NearMint;French;20220625;0.07;0.07
1;Disenchant;10;znr;Zendikar Rising;0.04;false;Mint;French;20211023;0.03;0.03
4;Disenchant;372;cmr;Commander Legends;0.02;false;Mint;French;20211023;0.01;0.04
2;Disenchant;372;cmr;Commander Legends;0.09;false;NearMint;French;20211026;0.01;0.02
1;Disenchant;10;znr;Zendikar Rising;0.02;false;NearMint;English;20211027;0.03;0.03
1;Disfigure;87;zen;Zendikar;0.21;false;Mint;French;20211026;0.02;0.02
1;Disfigure;87;zen;Zendikar;0.21;false;NearMint;English;20211026;0.02;0.02
1;Disfigure;95;pm20;Core Set 2020 Promos;0.17;false;NearMint;French;20211026;0.1;0.1
1;Disinformation Campaign;167;grn;Guilds of Ravnica;0.11;false;NearMint;French;20211026;0.05;0.05
4;Dismal Backwater;246;iko;Ikoria: Lair of Behemoths;0.08;false;Mint;French;20211023;0.09;0.36
2;Dismal Backwater;246;c17;Commander 2017;0.21;false;Mint;French;20211026;0.1;0.2
4;Dismal Backwater;246;c17;Commander 2017;0.21;false;NearMint;French;20211027;0.1;0.4
1;Displacer Beast;54;afr;Adventures in the Forgotten Realms;0.05;false;Mint;French;20211023;0.02;0.02
1;Disrupt Decorum;122;afc;Forgotten Realms Commander;3.09;false;NearMint;French;20211027;3.09;3.09
1;Dissipate;49;mid;Innistrad: Midnight Hunt;0.05;false;Mint;French;20211023;0.07;0.07
3;Divine Arrow;100;jmp;Jumpstart;0.05;false;Mint;French;20211023;0.02;0.06
2;Divine Arrow;9;iko;Ikoria: Lair of Behemoths;0.02;false;Mint;French;20211025;0.02;0.04
2;Divine Smite;12;afr;Adventures in the Forgotten Realms;0.05;false;Mint;French;20211023;0.1;0.2
1;Diviner's Lockbox;225;m20;Core Set 2020;0.07;false;Mint;English;20211025;0.04;0.04
1;Diviner's Lockbox;225;m20;Core Set 2020;0.07;false;NearMint;French;20211026;0.04;0.04
1;Djinni Windseer;306;afr;Adventures in the Forgotten Realms;0.06;false;Mint;French;20211023;0.06;0.06
3;Djinni Windseer;55;afr;Adventures in the Forgotten Realms;0.05;false;NearMint;English;20211023;0.02;0.06
4;Djinni Windseer;55;afr;Adventures in the Forgotten Realms;0.05;false;Mint;French;20211023;0.02;0.08
1;Djinni Windseer;55;afr;Adventures in the Forgotten Realms;0.05;false;NearMint;French;20211027;0.02;0.02
1;Dokuchi Shadow-Walker;339;neo;Kamigawa: Neon Dynasty;0.49;false;NearMint;French;20220625;0.49;0.49
1;Doom Whisperer;;pgrn;Guilds of Ravnica Promos;3.03;false;NearMint;French;20211027;4.0;4.0
1;Doomed Dissenter;106;vow;Innistrad: Crimson Vow;0.07;false;NearMint;English;20220102;0.05;0.05
1;Doomed Necromancer;111;c19;Commander 2019;0.23;false;NearMint;French;20211027;0.19;0.19
1;Double Vision;;pm21;Core Set 2021 Promos;0.0;false;NearMint;English;20211027;0.0;0.0
1;Douser of Lights;70;grn;Guilds of Ravnica;0.05;false;NearMint;French;20211027;0.02;0.02
1;Drag to the Underworld;89;thb;Theros Beyond Death;0.11;false;Mint;French;20211024;0.15;0.15
1;Dragon Mage;135;m20;Core Set 2020;0.13;false;Mint;French;20211025;0.13;0.13
1;Dragon's Fire;139;afr;Adventures in the Forgotten Realms;0.09;false;Mint;French;20211023;0.08;0.08
1;Dragon's Fire;139;afr;Adventures in the Forgotten Realms;0.21;true;NearMint;French;20211027;0.1;0.1
3;Dragon's Fire;139;afr;Adventures in the Forgotten Realms;0.13;false;NearMint;French;20211027;0.08;0.24
2;Dragon's Fire;139;afr;Adventures in the Forgotten Realms;0.09;false;NearMint;French;20211219;0.08;0.16
1;Dragon-Kami's Egg;181;neo;Kamigawa: Neon Dynasty;0.21;true;NearMint;English;20220418;0.75;0.75
1;Drake Token;5;tznr;Zendikar Rising Tokens;0.11;false;NearMint;French;20211027;0.05;0.05
1;Dramatist's Puppet;244;neo;Kamigawa: Neon Dynasty;0.02;false;NearMint;French;20220625;0.02;0.02
1;Drana's Silencer;99;znr;Zendikar Rising;0.02;false;Mint;French;20211023;0.02;0.02
1;Drana's Silencer;99;znr;Zendikar Rising;0.05;false;NearMint;French;20211027;0.02;0.02
1;Drannith Healer;10;iko;Ikoria: Lair of Behemoths;0.1;false;Mint;French;20211024;0.18;0.18
1;Drannith Stinger;113;iko;Ikoria: Lair of Behemoths;0.07;false;Mint;French;20211024;0.27;0.27
1;Draugr Recruiter;87;khm;Kaldheim;0.01;false;Mint;French;20211023;0.02;0.02
1;Draugr's Helm;88;khm;Kaldheim;0.07;false;Mint;French;20211023;0.21;0.21
1;Drawn from Dreams;;pm20;Core Set 2020 Promos;0.0;false;Mint;English;20211025;0.0;0.0
2;Dread Fugue;107;vow;Innistrad: Crimson Vow;0.18;false;NearMint;English;20220102;0.1;0.2
1;Dread Presence;;pm20;Core Set 2020 Promos;0.64;false;NearMint;French;20211027;0.5;0.5
4;Dreadful Apathy;11;thb;Theros Beyond Death;0.01;false;Mint;French;20211023;0.01;0.04
2;Dreadhorde Twins;126;war;War of the Spark;0.06;false;NearMint;English;20211026;0.09;0.18
1;Dreadmalkin;87;war;War of the Spark;0.07;false;NearMint;English;20211027;0.02;0.02
1;Dreadwurm;100;znr;Zendikar Rising;0.02;false;Mint;French;20211023;0.02;0.02
1;Dream Pillager;93;cm2;Commander Anthology Volume II;0.15;false;NearMint;French;20211027;0.15;0.15
1;Dreamshaper Shaman;130;thb;Theros Beyond Death;0.09;false;Mint;French;20211024;0.02;0.02
1;Dreamstalker Manticore;131;thb;Theros Beyond Death;0.04;false;Mint;French;20211024;0.02;0.02
1;Dreamtail Heron;284;iko;Ikoria: Lair of Behemoths;0.05;false;Mint;French;20211024;0.02;0.02
1;Dreamtail Heron;47;iko;Ikoria: Lair of Behemoths;0.04;false;Mint;French;20211025;0.05;0.05
2;Drider;98;afr;Adventures in the Forgotten Realms;0.05;false;Mint;French;20211023;0.1;0.2
1;Drider;98;afr;Adventures in the Forgotten Realms;0.11;false;NearMint;French;20211219;0.1;0.1
1;Drifting Meadow;282;c15;Commander 2015;0.05;false;NearMint;English;20220507;0.05;0.05
1;Drizzt Do'Urden;338;afr;Adventures in the Forgotten Realms;0.48;false;NearMint;French;20211027;0.25;0.25
1;Drizzt Do'Urden;338;afr;Adventures in the Forgotten Realms;0.51;false;NearMint;French;20211219;0.25;0.25
1;Drossforge Bridge;246;mh2;Modern Horizons 2;0.18;false;NearMint;French;20220625;0.18;0.18
4;Drown in the Loch;188;eld;Throne of Eldraine;1.74;false;Mint;French;20211023;1.91;7.64
1;Drown in the Loch;188;eld;Throne of Eldraine;1.53;false;NearMint;French;20211027;1.91;1.91
3;Drowsing Tyrannodon;178;m21;Core Set 2021;0.02;false;NearMint;English;20211027;0.04;0.12
1;Druid Class;180;afr;Adventures in the Forgotten Realms;0.45;true;Mint;French;20211023;1.2;1.2
1;Dub;16;m21;Core Set 2021;0.02;false;Mint;French;20211023;0.02;0.02
1;Dub;16;m21;Core Set 2021;0.05;false;NearMint;English;20211027;0.02;0.02
1;Duel for Dominance;184;mid;Innistrad: Midnight Hunt;0.16;true;Mint;French;20211023;0.02;0.02
2;Dueling Rapier;140;afr;Adventures in the Forgotten Realms;0.2;false;Mint;French;20211023;0.02;0.04
1;Dueling Rapier;140;afr;Adventures in the Forgotten Realms;0.09;false;NearMint;French;20211027;0.02;0.02
2;Dungeon Crawler;99;afr;Adventures in the Forgotten Realms;0.03;false;Mint;French;20211023;0.02;0.04
1;Dungeon Descent;;pafr;Adventures in the Forgotten Realms Promos;0.82;true;Mint;French;20211023;0.6;0.6
1;Dungeon Geists;42;c13;Commander 2013;0.19;false;NearMint;English;20211026;0.18;0.18
1;Dungeon Map;242;afr;Adventures in the Forgotten Realms;0.05;false;Mint;French;20211023;0.02;0.02
1;Dungeon Map;242;afr;Adventures in the Forgotten Realms;0.09;false;Mint;French;20211026;0.02;0.02
1;Dungeon Map;242;afr;Adventures in the Forgotten Realms;0.09;false;NearMint;French;20211027;0.02;0.02
1;Dungeon Map;242;afr;Adventures in the Forgotten Realms;0.09;false;NearMint;French;20211219;0.02;0.02
4;Durable Coilbug;85;iko;Ikoria: Lair of Behemoths;0.02;false;Mint;French;20211025;0.02;0.08
3;Durable Coilbug;85;iko;Ikoria: Lair of Behemoths;0.02;false;NearMint;English;20211027;0.02;0.06
3;Duress;90;m13;Magic 2013;0.05;false;Mint;French;20211023;0.25;0.75
1;Duress;98;mid;Innistrad: Midnight Hunt;0.05;false;Mint;French;20211023;0.21;0.21
1;Duress;97;m14;Magic 2014;0.06;false;Mint;French;20211023;0.1;0.1
1;Duress;96;m10;Magic 2010;0.03;false;Excellent;English;20211023;0.03;0.03
1;Duress;90;m13;Magic 2013;0.05;false;Mint;French;20211026;0.25;0.25
1;Duress;96;m10;Magic 2010;0.14;false;Mint;French;20211026;0.03;0.03
2;Duress;46;ddc;Duel Decks: Divine vs. Demonic;0.1;false;Mint;French;20211026;0.11;0.22
2;Duress;98;mid;Innistrad: Midnight Hunt;0.09;false;Mint;French;20220423;0.21;0.42
1;Dusk Mangler;77;snc;Streets of New Capenna;0.08;false;Mint;French;20220422;0.07;0.07
1;Dusk Mangler;77;snc;Streets of New Capenna;0.09;false;Mint;French;20220423;0.07;0.07
1;Dwarfhold Champion;14;afr;Adventures in the Forgotten Realms;0.24;false;Mint;French;20211023;0.3;0.3
1;Dwarfhold Champion;14;afr;Adventures in the Forgotten Realms;0.1;false;NearMint;French;20211219;0.3;0.3
2;Dwarven Mine;243;eld;Throne of Eldraine;0.08;false;Mint;French;20211025;0.18;0.36
2;Dwarven Priest;11;m19;Core Set 2019;0.02;false;NearMint;French;20211027;0.01;0.02
1;Dwindle;53;m19;Core Set 2019;0.04;false;Mint;French;20211025;0.03;0.03
4;Earth-Cult Elemental;141;afr;Adventures in the Forgotten Realms;0.03;false;Mint;French;20211023;0.12;0.48
1;Earth-Cult Elemental;141;afr;Adventures in the Forgotten Realms;0.08;false;NearMint;French;20211219;0.12;0.12
1;Easy Prey;87;iko;Ikoria: Lair of Behemoths;0.07;false;Mint;French;20211025;0.08;0.08
1;Eat to Extinction;;pthb;Theros Beyond Death Promos;0.32;false;Mint;French;20211024;0.2;0.2
1;Ebony Fly;60;afc;Forgotten Realms Commander;0.13;false;NearMint;French;20211027;0.18;0.18
2;Eccentric Apprentice;57;afr;Adventures in the Forgotten Realms;0.05;false;Mint;French;20211023;0.14;0.28
1;Eccentric Farmer;185;mid;Innistrad: Midnight Hunt;0.16;true;Mint;French;20211023;0.05;0.05
2;Echo Inspector;40;snc;Streets of New Capenna;0.09;false;Mint;French;20220422;0.02;0.04
1;Echo Inspector;40;snc;Streets of New Capenna;0.08;false;Mint;French;20220423;0.02;0.02
1;Echo Tracer;37;lgn;Legions;0.17;false;NearMint;French;20211030;0.25;0.25
1;Ecstatic Awakener;100;mid;Innistrad: Midnight Hunt;0.01;false;Mint;French;20211023;0.01;0.01
5;Edgar's Awakening;110;vow;Innistrad: Crimson Vow;0.12;false;NearMint;English;20220102;0.06;0.3
2;Edgewall Innkeeper;151;eld;Throne of Eldraine;0.07;false;NearMint;French;20211027;0.11;0.22
3;Eidolon of Inspiration;271;thb;Theros Beyond Death;0.07;false;NearMint;French;20211026;0.02;0.06
2;Eidolon of Philosophy;48;thb;Theros Beyond Death;0.07;false;Mint;French;20211024;0.02;0.04
1;Electrify;139;m19;Core Set 2019;0.03;false;Mint;French;20211025;0.01;0.01
1;Electrostatic Field;97;grn;Guilds of Ravnica;0.26;false;Mint;French;20211025;0.6;0.6
1;Elegant Entourage;143;snc;Streets of New Capenna;0.07;false;Mint;French;20220423;0.02;0.02
1;Elemental Token (Seize the Storm);7;tmid;Innistrad: Midnight Hunt Tokens;0.23;false;Mint;French;20211023;0.07;0.07
1;Elemental Token (Trample, haste x/1);8;tthb;Theros Beyond Death Tokens;0.05;false;NearMint;French;20211027;0.04;0.04
2;Eliminate;395;m21;Core Set 2021;0.24;false;Mint;French;20211023;0.23;0.46
2;Elite Instructor;49;thb;Theros Beyond Death;0.05;false;Mint;French;20211024;0.02;0.04
4;Elite Instructor;49;thb;Theros Beyond Death;0.05;false;NearMint;French;20211026;0.02;0.08
1;Elspeth Conquers Death;13;thb;Theros Beyond Death;0.47;false;Mint;French;20211023;0.23;0.23
1;Elspeth Conquers Death;13;thb;Theros Beyond Death;0.44;false;Mint;French;20211024;0.23;0.23
2;Elspeth's Devotee;272;thb;Theros Beyond Death;0.1;false;Mint;French;20211026;0.1;0.2
1;Elspeth's Nightmare;91;thb;Theros Beyond Death;0.09;false;Mint;French;20211026;0.09;0.09
1;Elspeth, Sun's Nemesis;;pthb;Theros Beyond Death Promos;0.8;false;NearMint;French;20220625;0.8;0.8
1;Elspeth, Undaunted Hero;270;thb;Theros Beyond Death;0.6;true;Mint;French;20211023;0.45;0.45
1;Elturgard Ranger;182;afr;Adventures in the Forgotten Realms;0.02;false;Mint;French;20211023;0.01;0.01
2;Elturgard Ranger;182;afr;Adventures in the Forgotten Realms;0.02;false;NearMint;French;20211027;0.01;0.02
1;Elvish Reclaimer;;pm20;Core Set 2020 Promos;5.15;false;Mint;French;20211024;9.0;9.0
1;Ember Hauler;135;m11;Magic 2011;0.06;false;Mint;French;20211025;0.05;0.05
3;Ember Hauler;135;m11;Magic 2011;0.06;false;NearMint;English;20211026;0.05;0.15
1;Ember Hauler;135;m11;Magic 2011;0.06;false;NearMint;French;20211026;0.05;0.05
1;Embercleave;120;eld;Throne of Eldraine;5.79;false;NearMint;French;20211027;6.09;6.09
2;Embereth Paladin;121;eld;Throne of Eldraine;0.08;false;Mint;French;20211026;0.05;0.1
1;Embodiment of Flame;141;mid;Innistrad: Midnight Hunt;0.05;false;Mint;French;20211023;0.07;0.07
1;Emergence Zone;245;war;War of the Spark;0.2;false;NearMint;French;20211026;0.44;0.44
1;Emeria Captain;11;znr;Zendikar Rising;0.15;false;Mint;French;20211023;0.14;0.14
4;Empyrean Eagle;208;m20;Core Set 2020;0.1;false;Mint;French;20211023;0.29;1.16
1;Empyrean Eagle;208;m20;Core Set 2020;0.31;false;Mint;French;20211025;0.29;0.29
1;Empyrean Eagle;208;m20;Core Set 2020;0.31;false;NearMint;French;20211026;0.29;0.29
1;Emry, Lurker of the Loch;;peld;Throne of Eldraine Promos;0.0;false;Mint;French;20211024;0.0;0.0
3;End the Festivities;155;vow;Innistrad: Crimson Vow;0.12;false;NearMint;English;20220102;0.1;0.3
1;Enemy of Enlightenment;92;thb;Theros Beyond Death;0.05;false;Mint;French;20211024;0.02;0.02
1;Enemy of Enlightenment;92;thb;Theros Beyond Death;0.05;false;NearMint;French;20211026;0.02;0.02
2;Enforcer Griffin;11;war;War of the Spark;0.02;false;NearMint;French;20211027;0.02;0.04
1;Enhanced Surveillance;40;grn;Guilds of Ravnica;0.07;false;NearMint;French;20211026;0.03;0.03
1;Enormous Energy Blade;96;neo;Kamigawa: Neon Dynasty;0.05;false;Mint;English;20220418;0.02;0.02
2;Enthusiastic Mechanaut;218;neo;Kamigawa: Neon Dynasty;0.15;false;NearMint;English;20220625;0.15;0.3
1;Ephemerate;1;rmh1;Modern Horizons 1 Timeshifts;2.5;true;Mint;French;20211023;5.1;5.1
1;Epic Downfall;85;eld;Throne of Eldraine;0.06;false;NearMint;French;20211026;0.15;0.15
2;Epicure of Blood;143;c21;Commander 2021;0.16;false;NearMint;French;20211027;0.31;0.62
3;Epicure of Blood;143;c21;Commander 2021;0.16;false;NearMint;English;20211027;0.31;0.93
1;Errant, Street Artist;41;snc;Streets of New Capenna;0.48;false;Mint;French;20220423;0.24;0.24
1;Erratic Visionary;48;war;War of the Spark;0.02;false;Mint;English;20211025;0.02;0.02
2;Erratic Visionary;48;war;War of the Spark;0.02;false;NearMint;English;20211025;0.02;0.04
2;Erratic Visionary;48;war;War of the Spark;0.02;false;NearMint;French;20211026;0.02;0.04
1;Escape Protocol;48;iko;Ikoria: Lair of Behemoths;0.07;false;Mint;French;20211024;0.02;0.02
1;Escape Protocol;48;iko;Ikoria: Lair of Behemoths;0.06;false;Mint;French;20211025;0.02;0.02
1;Esper Panorama;235;afc;Forgotten Realms Commander;0.17;false;NearMint;French;20211027;0.5;0.5
1;Essence Capture;37;rna;Ravnica Allegiance;0.25;false;NearMint;English;20211026;0.05;0.05
1;Essence Capture;52;neo;Kamigawa: Neon Dynasty;0.08;false;NearMint;English;20220507;0.09;0.09
1;Essence Infusion;69;stx;Strixhaven: School of Mages;0.08;false;Mint;French;20211023;0.01;0.01
3;Essence Scatter;49;iko;Ikoria: Lair of Behemoths;0.05;false;Mint;French;20211025;0.01;0.03
1;Essence Symbiote;149;iko;Ikoria: Lair of Behemoths;0.15;false;Mint;French;20211024;0.05;0.05
1;Etali, Primal Storm;100;pres;Resale Promos;0.0;false;NearMint;French;20211027;0.0;0.0
1;Eternal Dragon;;wc04;World Championship Decks 2004;0.18;false;NearMint;French;20211027;0.2;0.2
2;Eternal Skylord;49;war;War of the Spark;0.14;false;Mint;French;20211024;0.1;0.2
2;Eternal Skylord;49;war;War of the Spark;0.14;false;NearMint;English;20211024;0.1;0.2
1;Eutropia the Twice-Favored;216;thb;Theros Beyond Death;0.1;false;Mint;French;20211024;0.1;0.1
1;Evelyn, the Covetous;184;snc;Streets of New Capenna;0.17;false;Mint;French;20220422;0.15;0.15
1;Evolving Wilds;256;afr;Adventures in the Forgotten Realms;0.06;false;Mint;French;20211023;0.12;0.12
1;Evolving Wilds;247;iko;Ikoria: Lair of Behemoths;0.09;false;Mint;French;20211025;0.05;0.05
1;Evolving Wilds;256;afr;Adventures in the Forgotten Realms;0.05;false;NearMint;French;20211027;0.12;0.12
4;Evolving Wilds;228;roe;Rise of the Eldrazi;0.15;false;NearMint;French;20211027;0.04;0.16
2;Evolving Wilds;245;c18;Commander 2018;0.07;false;NearMint;English;20211027;0.09;0.18
2;Evolving Wilds;261;mid;Innistrad: Midnight Hunt;0.07;false;NearMint;English;20220102;0.16;0.32
1;Evolving Wilds;256;afr;Adventures in the Forgotten Realms;0.06;false;Mint;French;20220423;0.12;0.12
1;Evolving Wilds;353;afr;Adventures in the Forgotten Realms;0.21;false;Mint;French;20220423;0.33;0.33
1;Excavation Mole;150;iko;Ikoria: Lair of Behemoths;0.06;false;Mint;French;20211025;0.05;0.05
1;Exhibition Magician;106;snc;Streets of New Capenna;0.14;false;Mint;French;20220422;0.02;0.02
1;Exhibition Magician;106;snc;Streets of New Capenna;0.02;false;NearMint;English;20220625;0.02;0.02
1;Exotic Orchard;250;cm2;Commander Anthology Volume II;0.34;false;NearMint;French;20211027;0.25;0.25
1;Exotic Orchard;250;cm2;Commander Anthology Volume II;0.34;false;NearMint;French;20211027;0.25;0.25
1;Exotic Pets;185;snc;Streets of New Capenna;0.06;false;NearMint;French;20220625;0.06;0.06
1;Expedition Champion;138;znr;Zendikar Rising;0.04;false;NearMint;French;20211027;0.02;0.02
1;Expedition Diviner;57;znr;Zendikar Rising;0.02;false;Mint;French;20211023;0.02;0.02
1;Expedition Diviner;57;znr;Zendikar Rising;0.02;false;NearMint;French;20211027;0.02;0.02
1;Expedition Healer;13;znr;Zendikar Rising;0.02;false;Mint;French;20211023;0.1;0.1
1;Expedition Skulker;101;znr;Zendikar Rising;0.05;false;Mint;French;20211023;0.06;0.06
1;Expedition Skulker;101;znr;Zendikar Rising;0.06;false;NearMint;French;20211027;0.06;0.06
1;Expendable Lackey;43;snc;Streets of New Capenna;0.05;false;Mint;English;20220422;0.02;0.02
1;Expendable Lackey;43;snc;Streets of New Capenna;0.05;false;Mint;French;20220423;0.02;0.02
1;Expendable Lackey;43;snc;Streets of New Capenna;0.02;false;NearMint;English;20220625;0.02;0.02
1;Explosive Singularity;;pneo;Kamigawa: Neon Dynasty Promos;0.0;false;Mint;French;20220422;0.0;0.0
1;Expose to Daylight;506;plist;The List;0.09;false;Mint;French;20211023;0.05;0.05
1;Extinction Event;88;iko;Ikoria: Lair of Behemoths;1.0;false;Mint;French;20211024;0.99;0.99
1;Extract Brain;46;afc;Forgotten Realms Commander;0.64;false;NearMint;French;20211027;0.72;0.72
1;Extract the Truth;78;snc;Streets of New Capenna;0.05;false;Mint;French;20220422;0.03;0.03
2;Extract the Truth;78;snc;Streets of New Capenna;0.04;false;Mint;French;20220423;0.03;0.06
2;Extract the Truth;78;snc;Streets of New Capenna;0.03;false;NearMint;French;20220625;0.03;0.06
1;Extraction Specialist;12;snc;Streets of New Capenna;0.56;false;Mint;French;20220423;0.51;0.51
1;Extruder;296;mh2;Modern Horizons 2;0.37;true;Mint;French;20211023;0.2;0.2
1;Exuberant Wolfbear;151;iko;Ikoria: Lair of Behemoths;0.24;true;Mint;French;20211024;0.15;0.15
1;Exuberant Wolfbear;151;iko;Ikoria: Lair of Behemoths;0.07;false;Mint;French;20211025;0.04;0.04
2;Eye Collector;86;eld;Throne of Eldraine;0.08;false;NearMint;French;20211027;0.02;0.04
6;Eyes of the Beholder;101;afr;Adventures in the Forgotten Realms;0.01;false;Mint;French;20211023;0.02;0.12
2;Eyes of the Beholder;101;afr;Adventures in the Forgotten Realms;0.07;false;NearMint;French;20211219;0.02;0.04
1;Facet Reader;50;iko;Ikoria: Lair of Behemoths;0.07;false;NearMint;French;20211024;0.1;0.1
1;Facet Reader;50;iko;Ikoria: Lair of Behemoths;0.06;false;Mint;French;20211025;0.1;0.1
1;Fading Hope;51;mid;Innistrad: Midnight Hunt;0.12;false;Mint;French;20211023;0.52;0.52
1;Faerie Dragon Token;4;tafr;Adventures in the Forgotten Realms Tokens;0.07;false;Mint;French;20211023;0.09;0.09
1;Faerie Dragon Token;4;tafr;Adventures in the Forgotten Realms Tokens;0.12;false;NearMint;French;20211219;0.09;0.09
1;Faerie Duelist;39;rna;Ravnica Allegiance;0.09;false;Mint;English;20211025;0.06;0.06
3;Faerie Guidemother // Gift of the Fae;11;eld;Throne of Eldraine;0.07;false;NearMint;French;20211026;0.14;0.42
2;Faerie Miscreant;57;ori;Magic Origins;0.13;false;Mint;English;20211025;0.49;0.98
1;Faerie Token;5;teld;Throne of Eldraine Tokens;0.71;false;NearMint;French;20211026;0.49;0.49
3;Faerie Vandal;45;eld;Throne of Eldraine;0.04;false;Mint;French;20211024;0.15;0.45
2;Faerie Vandal;45;eld;Throne of Eldraine;0.05;false;Mint;French;20211026;0.15;0.3
2;Faerie Vandal;45;eld;Throne of Eldraine;0.05;false;NearMint;French;20211026;0.15;0.3
1;Faerie Vandal;44;snc;Streets of New Capenna;0.1;false;Mint;French;20220423;0.07;0.07
1;Faith's Fetters;16;uma;Ultimate Masters;0.07;false;NearMint;English;20211027;0.02;0.02
1;Faithful Mending;221;mid;Innistrad: Midnight Hunt;3.5;true;Mint;French;20211023;2.45;2.45
1;Fake Your Own Death;79;snc;Streets of New Capenna;0.08;false;Mint;French;20220423;0.09;0.09
1;Fake Your Own Death;79;snc;Streets of New Capenna;0.09;false;NearMint;French;20220625;0.09;0.09
6;Falkenrath Celebrants;156;vow;Innistrad: Crimson Vow;0.07;false;NearMint;English;20220102;0.02;0.12
1;Falkenrath Perforator;136;mid;Innistrad: Midnight Hunt;0.05;false;Mint;French;20211023;0.02;0.02
1;Famished Foragers;138;mid;Innistrad: Midnight Hunt;0.11;false;Mint;French;20211023;0.02;0.02
1;Fang of Shigeki;183;neo;Kamigawa: Neon Dynasty;0.12;false;NearMint;English;20220418;0.02;0.02
2;Farfinder;2;iko;Ikoria: Lair of Behemoths;0.05;false;Mint;French;20211025;0.05;0.1
6;Farideh's Fireball;142;afr;Adventures in the Forgotten Realms;0.1;false;Mint;French;20211023;0.04;0.24
2;Farideh's Fireball;142;afr;Adventures in the Forgotten Realms;0.08;false;NearMint;French;20211027;0.04;0.08
1;Farideh, Devil's Chosen;221;afr;Adventures in the Forgotten Realms;0.07;false;Mint;French;20211023;0.21;0.21
1;Farsight Adept;14;znr;Zendikar Rising;0.02;false;Mint;French;20211023;0.1;0.1
1;Fatal Grudge;187;snc;Streets of New Capenna;0.14;false;NearMint;French;20220625;0.14;0.14
3;Fates' Reversal;102;afr;Adventures in the Forgotten Realms;0.08;false;Mint;French;20211023;0.15;0.45
1;Fates' Reversal;102;afr;Adventures in the Forgotten Realms;0.13;false;NearMint;French;20211219;0.15;0.15
1;Fathom Fleet Cutthroat;100;m20;Core Set 2020;0.04;false;Mint;French;20211026;0.05;0.05
3;Fathom Fleet Cutthroat;100;m20;Core Set 2020;0.04;false;NearMint;English;20211027;0.05;0.15
1;Fathom Fleet Cutthroat;100;m20;Core Set 2020;0.04;false;NearMint;French;20211027;0.05;0.05
1;Favor of Jukai;184;neo;Kamigawa: Neon Dynasty;0.02;false;Mint;English;20220418;0.1;0.1
1;Fblthp, the Lost;308;tsr;Time Spiral Remastered;0.36;false;Mint;English;20211025;0.25;0.25
1;Feasting Troll King;152;eld;Throne of Eldraine;0.61;false;NearMint;French;20211027;0.49;0.49
1;Feed the Swarm;144;c21;Commander 2021;0.24;false;NearMint;English;20211023;0.14;0.14
1;Feed the Swarm;144;c21;Commander 2021;0.26;false;NearMint;English;20211027;0.14;0.14
1;Feed the Swarm;144;c21;Commander 2021;0.26;false;NearMint;French;20211027;0.14;0.14
4;Feign Death;103;afr;Adventures in the Forgotten Realms;0.1;false;Mint;French;20211023;0.13;0.52
1;Feign Death;103;afr;Adventures in the Forgotten Realms;0.11;false;NearMint;French;20211219;0.13;0.13
1;Fell the Pheasant;153;eld;Throne of Eldraine;0.07;false;NearMint;English;20211027;0.09;0.09
2;Fell the Pheasant;153;eld;Throne of Eldraine;0.07;false;NearMint;French;20211027;0.09;0.18
1;Fellwar Stone;206;afc;Forgotten Realms Commander;1.81;false;NearMint;French;20211027;0.48;0.48
1;Fellwar Stone;254;c16;Commander 2016;1.99;false;NearMint;French;20211027;0.86;0.86
2;Fencing Ace;5;ddl;Duel Decks: Heroes vs. Monsters;0.05;false;Mint;French;20211026;0.15;0.3
1;Fencing Ace;11;rtr;Return to Ravnica;0.07;false;NearMint;French;20211026;0.15;0.15
2;Fencing Ace;5;ddl;Duel Decks: Heroes vs. Monsters;0.05;false;NearMint;English;20211026;0.15;0.3
1;Fencing Ace;5;ddl;Duel Decks: Heroes vs. Monsters;0.05;false;NearMint;French;20211026;0.15;0.15
2;Feral Abomination;92;dom;Dominaria;0.04;false;NearMint;English;20211026;0.02;0.04
2;Feral Abomination;92;dom;Dominaria;0.04;false;NearMint;French;20211027;0.02;0.04
2;Feral Invocation;396;jmp;Jumpstart;0.06;false;NearMint;English;20211026;0.1;0.2
2;Ferocious Pup;171;m20;Core Set 2020;0.07;false;Mint;French;20211025;0.09;0.18
1;Ferocious Pup;171;m20;Core Set 2020;0.07;false;NearMint;English;20211026;0.09;0.09
1;Ferocious Tigorilla;115;iko;Ikoria: Lair of Behemoths;0.04;false;Mint;French;20211024;0.02;0.02
1;Ferocity of the Wilds;123;eld;Throne of Eldraine;0.12;false;Mint;French;20211025;0.09;0.09
1;Ferocity of the Wilds;123;eld;Throne of Eldraine;0.11;false;Mint;French;20211026;0.09;0.09
1;Fertilid;67;znc;Zendikar Rising Commander;0.13;false;Mint;French;20211024;0.1;0.1
1;Fertilid;67;znc;Zendikar Rising Commander;0.11;false;Mint;French;20211025;0.1;0.1
1;Fervent Champion;;peld;Throne of Eldraine Promos;1.49;true;Mint;French;20211026;1.89;1.89
4;Fervent Champion;124;eld;Throne of Eldraine;0.27;false;NearMint;French;20211027;0.26;1.04
3;Festive Funeral;87;eld;Throne of Eldraine;0.03;false;NearMint;French;20211026;0.1;0.3
1;Fevered Suspicion;47;afc;Forgotten Realms Commander;0.57;false;NearMint;French;20211027;0.32;0.32
1;Field Research;58;znr;Zendikar Rising;0.15;false;Mint;French;20211023;0.1;0.1
1;Field Research;58;znr;Zendikar Rising;0.04;false;NearMint;French;20211027;0.1;0.1
1;Field of Ruin;262;mid;Innistrad: Midnight Hunt;0.17;false;Mint;French;20211023;0.16;0.16
2;Field of Ruin;262;mid;Innistrad: Midnight Hunt;0.14;false;Mint;French;20220423;0.16;0.32
1;Field of Ruin;262;dbl;Innistrad: Double Feature;1.1;false;Mint;French;20220423;0.86;0.86
1;Fiend of the Shadows;62;dka;Dark Ascension;0.19;false;NearMint;French;20211027;0.2;0.2
1;Fiendlash;300;afc;Forgotten Realms Commander;0.86;false;NearMint;French;20211027;0.85;0.85
1;Fierce Retribution;13;vow;Innistrad: Crimson Vow;0.05;false;NearMint;English;20220102;0.01;0.01
2;Fierce Witchstalker;154;eld;Throne of Eldraine;0.07;false;NearMint;English;20211027;0.06;0.12
2;Fierce Witchstalker;154;eld;Throne of Eldraine;0.07;false;NearMint;French;20211027;0.06;0.12
1;Fiery Finish;140;m19;Core Set 2019;0.05;false;Mint;French;20211025;0.02;0.02
1;Fiery Temper;11;f16;Friday Night Magic 2016;0.1;true;NearMint;French;20220625;0.1;0.1
1;Fifty Feet of Rope;244;afr;Adventures in the Forgotten Realms;0.1;false;Mint;French;20211023;0.02;0.02
1;Fifty Feet of Rope;244;afr;Adventures in the Forgotten Realms;0.06;false;NearMint;French;20211027;0.02;0.02
5;Final Death;95;thb;Theros Beyond Death;0.05;false;Mint;French;20211024;0.02;0.1
1;Final Death;95;thb;Theros Beyond Death;0.04;false;NearMint;French;20211026;0.02;0.02
2;Final Flare;134;thb;Theros Beyond Death;0.05;false;Mint;French;20211026;0.02;0.04
2;Find the Path;183;afr;Adventures in the Forgotten Realms;0.1;false;Mint;French;20211023;0.02;0.04
1;Find the Path;183;afr;Adventures in the Forgotten Realms;0.1;false;NearMint;French;20211027;0.02;0.02
1;Find the Path;183;afr;Adventures in the Forgotten Realms;0.05;false;NearMint;French;20211219;0.02;0.02
1;Fire Elemental;130;m13;Magic 2013;0.03;false;Mint;French;20211025;0.02;0.02
1;Fire Elemental;138;m20;Core Set 2020;0.05;false;Mint;English;20211026;0.1;0.1
1;Fire Prophecy;116;iko;Ikoria: Lair of Behemoths;0.09;false;Mint;French;20211024;0.16;0.16
1;Fire Prophecy;116;iko;Ikoria: Lair of Behemoths;0.29;true;Mint;French;20211025;0.49;0.49
1;Fireblade Charger;139;znr;Zendikar Rising;0.18;false;NearMint;French;20211027;0.1;0.1
1;Firemind Vessel;237;war;War of the Spark;0.15;false;Mint;English;20211025;0.22;0.22
1;Firmament Sage;53;mid;Innistrad: Midnight Hunt;0.1;false;Mint;French;20211023;0.02;0.02
1;Firmament Sage;53;mid;Innistrad: Midnight Hunt;0.07;false;Mint;French;20211104;0.02;0.02
3;Fissure Wizard;140;znr;Zendikar Rising;0.03;false;NearMint;French;20211027;0.02;0.06
1;Flame Blitz;124;mh2;Modern Horizons 2;0.06;false;Mint;French;20211023;0.15;0.15
1;Flame Channeler;141;mid;Innistrad: Midnight Hunt;0.05;false;Mint;French;20211023;0.07;0.07
1;Flames of the Raze-Boar;101;rna;Ravnica Allegiance;0.05;false;Mint;French;20211026;0.03;0.03
1;Flare of Faith;19;mid;Innistrad: Midnight Hunt;0.15;false;Mint;French;20211023;0.02;0.02
1;Flaxen Intruder // Welcome Home;155;eld;Throne of Eldraine;0.04;false;NearMint;English;20211027;0.11;0.11
2;Flaxen Intruder // Welcome Home;297;veld;Throne of Eldraine Variants;0.12;false;NearMint;French;20211027;0.1;0.2
1;Fleetfoot Dancer;188;snc;Streets of New Capenna;0.81;true;NearMint;English;20220423;0.12;0.12
2;Fleeting Spirit;14;vow;Innistrad: Crimson Vow;0.08;false;NearMint;English;20220102;0.02;0.04
3;Flicker of Fate;16;thb;Theros Beyond Death;0.13;false;Mint;French;20211023;0.11;0.33
1;Fling;126;eld;Throne of Eldraine;0.08;false;Mint;French;20211025;0.07;0.07
1;Flood of Tears;;pm20;Core Set 2020 Promos;0.39;false;Mint;French;20211024;0.45;0.45
1;Floodhound;335;mh2;Modern Horizons 2;0.04;false;Mint;French;20211023;0.02;0.02
3;Flummoxed Cyclops;135;thb;Theros Beyond Death;0.03;false;Mint;French;20211026;0.02;0.06
3;Flutterfox;12;eld;Throne of Eldraine;0.05;false;NearMint;French;20211026;0.02;0.06
1;Flux Channeler;52;war;War of the Spark;0.16;false;Mint;French;20211023;0.17;0.17
3;Flux Channeler;52;war;War of the Spark;0.16;false;NearMint;English;20211023;0.17;0.51
1;Flux Channeler;52;war;War of the Spark;0.17;false;NearMint;English;20211024;0.17;0.17
2;Fly;59;afr;Adventures in the Forgotten Realms;0.09;false;Mint;French;20211026;0.24;0.48
1;Fly;59;afr;Adventures in the Forgotten Realms;0.13;false;NearMint;French;20211219;0.24;0.24
2;Flycatcher Giraffid;153;iko;Ikoria: Lair of Behemoths;0.03;false;Mint;French;20211024;0.02;0.04
1;Flycatcher Giraffid;153;iko;Ikoria: Lair of Behemoths;0.04;false;Mint;French;20211025;0.02;0.02
2;Food Token;17;teld;Throne of Eldraine Tokens;0.07;false;NearMint;French;20211027;0.15;0.3
1;Food Token;16;teld;Throne of Eldraine Tokens;0.06;false;NearMint;English;20211027;0.02;0.02
1;Food Token;16;teld;Throne of Eldraine Tokens;0.06;false;NearMint;French;20211027;0.02;0.02
1;Food Token;15;teld;Throne of Eldraine Tokens;0.07;false;NearMint;French;20211027;0.28;0.28
1;Footfall Crater;118;iko;Ikoria: Lair of Behemoths;0.21;false;Mint;French;20211025;0.31;0.31
1;Forbidden Alchemy;55;isd;Innistrad;0.08;false;NearMint;French;20211027;0.01;0.01
3;Forbidden Friendship;367;iko;Ikoria: Lair of Behemoths;0.23;false;Mint;French;20211025;0.62;1.86
1;Force of Negation;9;rmh1;Modern Horizons 1 Timeshifts;123.14;true;Mint;French;20211023;124.95;124.95
1;Force of Savagery;126;fut;Future Sight;0.48;false;NearMint;English;20220418;0.35;0.35
1;Forced Landing;161;war;War of the Spark;0.03;false;Mint;French;20211025;0.02;0.02
2;Foreboding Fruit;88;eld;Throne of Eldraine;0.07;false;NearMint;French;20211026;0.1;0.2
1;Foreboding Ruins;272;soi;Shadows over Innistrad;1.36;false;NearMint;French;20211027;1.27;1.27
1;Forest;279;afr;Adventures in the Forgotten Realms;0.12;false;Mint;French;20211023;0.09;0.09
1;Forest;278;afr;Adventures in the Forgotten Realms;0.07;false;Mint;French;20211023;0.15;0.15
5;Forest;384;mid;Innistrad: Midnight Hunt;0.07;false;Mint;French;20211023;0.2;1.0
3;Forest;384;mid;Innistrad: Midnight Hunt;0.13;true;Mint;French;20211023;0.18;0.54
2;Forest;281;afr;Adventures in the Forgotten Realms;0.06;false;Mint;French;20211023;0.02;0.04
1;Forest;274;iko;Ikoria: Lair of Behemoths;0.1;false;Mint;French;20211025;0.04;0.04
1;Forest;280;m20;Core Set 2020;0.15;true;Mint;French;20211025;0.15;0.15
3;Forest;254;thb;Theros Beyond Death;0.33;false;Mint;French;20211025;0.44;1.32
2;Forest;267;eld;Throne of Eldraine;0.06;false;Mint;French;20211025;0.12;0.24
2;Forest;266;eld;Throne of Eldraine;0.04;false;Mint;French;20211025;0.11;0.22
3;Forest;268;eld;Throne of Eldraine;0.08;false;Mint;French;20211025;0.19;0.57
1;Forest;269;eld;Throne of Eldraine;0.06;false;Mint;French;20211025;0.12;0.12
1;Forest;278;m20;Core Set 2020;0.08;false;Mint;French;20211025;0.05;0.05
2;Forest;264;war;War of the Spark;0.05;false;Mint;French;20211025;0.03;0.06
2;Forest;263;war;War of the Spark;0.09;false;Mint;French;20211025;0.03;0.06
1;Forest;33;ddu;Duel Decks: Elves vs. Inventors;0.04;false;Mint;French;20211025;0.09;0.09
3;Forest;262;war;War of the Spark;0.1;false;Mint;French;20211025;0.02;0.06
3;Forest;32;ddu;Duel Decks: Elves vs. Inventors;0.03;false;Mint;French;20211025;0.1;0.3
1;Forest;246;m14;Magic 2014;0.04;false;Mint;French;20211025;0.25;0.25
1;Forest;269;m15;Magic 2015;0.08;false;Mint;French;20211025;0.06;0.06
1;Forest;307;cm2;Commander Anthology Volume II;0.09;false;Mint;French;20211025;0.02;0.02
4;Forest;280;m20;Core Set 2020;0.07;false;Mint;French;20211025;0.1;0.4
1;Forest;278;m19;Core Set 2019;0.06;false;Mint;French;20211025;0.03;0.03
1;Forest;248;m10;Magic 2010;0.12;false;Mint;French;20211025;0.05;0.05
1;Forest;264;war;War of the Spark;0.05;false;NearMint;French;20211027;0.03;0.03
1;Forest;112;dpa;Duels of the Planeswalkers;0.25;false;NearMint;French;20211027;0.15;0.15
2;Forest;263;war;War of the Spark;0.09;false;NearMint;French;20211027;0.03;0.06
1;Forest;248;m10;Magic 2010;0.12;false;NearMint;English;20211027;0.05;0.05
3;Forest;279;m19;Core Set 2019;0.05;false;NearMint;English;20211027;0.03;0.09
1;Forest;248;m14;Magic 2014;0.1;false;NearMint;English;20211027;0.05;0.05
2;Forest;278;m20;Core Set 2020;0.08;false;NearMint;English;20211027;0.05;0.1
1;Forest;313;m21;Core Set 2021;0.23;false;NearMint;English;20211027;0.1;0.1
1;Forest;274;m21;Core Set 2021;0.07;false;NearMint;English;20211027;0.02;0.02
1;Forest;278;m19;Core Set 2019;0.06;false;NearMint;English;20211027;0.03;0.03
4;Forest;307;cm2;Commander Anthology Volume II;0.09;false;NearMint;English;20211027;0.02;0.08
2;Forest;246;m13;Magic 2013;0.06;false;NearMint;English;20211027;0.05;0.1
3;Forest;269;m15;Magic 2015;0.08;false;NearMint;English;20211027;0.06;0.18
1;Forest;340;c15;Commander 2015;0.04;false;NearMint;English;20211027;0.24;0.24
1;Forest;280;znr;Zendikar Rising;0.18;false;NearMint;English;20211027;0.25;0.25
20;Forest;266;eld;Throne of Eldraine;0.04;false;NearMint;French;20211027;0.11;2.2
1;Forest;262;war;War of the Spark;0.1;false;NearMint;French;20211027;0.02;0.02
1;Forest;278;m20;Core Set 2020;0.08;false;NearMint;French;20211027;0.05;0.05
1;Forest;267;eld;Throne of Eldraine;0.06;false;NearMint;French;20211027;0.12;0.12
2;Forest;268;eld;Throne of Eldraine;0.08;false;NearMint;French;20211027;0.19;0.38
1;Forest;269;eld;Throne of Eldraine;0.06;false;NearMint;French;20211027;0.12;0.12
7;Forest;32;ddu;Duel Decks: Elves vs. Inventors;0.03;false;NearMint;English;20211027;0.1;0.7
2;Forest;280;m20;Core Set 2020;0.07;false;NearMint;French;20211027;0.1;0.2
